2486 4006
325 267 359 311 m
377 263 534 314 nxssomrs
548 256 805 306 DanNoroaUM.

320 415 433 474 Animae
452 412 508 470 fnit
526 411 587 468 haec
606 407 708 466 domus
727 404 804 477 olim,

320 509 449 569 Factoris
468 507 505 566 ab
525 525 572 564 ore
592 508 699 576 creata,

320 606 442 664 Fervens
461 599 603 661 habitavit
622 599 652 656 in
671 595 734 655 istis

321 698 466 778 Sapientia
484 693 611 774 principe
630 691 754 752 Christo.

320 891 365 949 Tu
386 888 546 968 depositum
565 891 629 963 tege
648 903 757 961 corpus,

321 986 389 1044 Non
408 985 557 1044 immemor
575 981 622 1038 ille
641 978 763 1056 requiret

321 1083 380 1141 Sua
398 1100 516 1139 munera
535 1078 617 1137 fictor
636 1083 665 1135 et
685 1081 792 1147 auctor,

321 1178 491 1257 Propriique
511 1176 662 1254 aenigmata
681 1167 788 1230 vultis.

322 1367 449 1426 Veniant
468 1361 552 1423 modo
571 1369 700 1439 tempora
715 1360 804 1437 justa,

323 1462 400 1524 Cium
420 1483 499 1541 spem
520 1461 600 1519 Deus
619 1457 737 1536 impleat
757 1473 877 1526 omnem,

322 1559 437 1619 Reddas
456 1556 598 1635 patefacte
617 1572 726 1612 necesse
745 1558 797 1625 est,

322 1655 446 1726 Qualem
465 1651 519 1711 tibi
538 1649 620 1711 trado
639 1649 769 1728 figuram.

323 1851 400 1922 Non,
421 1849 445 1908 si
465 1846 572 1906 cariosa
590 1850 719 1905 vetustas

322 1943 493 2004 Dissolverit
513 1962 576 2003 ossa
594 1941 707 2015 favillis,

323 2039 478 2118 Fueritque
498 2036 649 2098 cinisculus
669 2055 748 2094 arens

324 2134 440 2195 Minimi
458 2153 591 2192 mensura
609 2131 729 2211 pugilli:

323 2327 394 2400 Nec,
414 2326 438 2386 si
458 2345 531 2404 vaga
549 2323 666 2383 flamine
685 2328 714 2382 et
734 2342 819 2395 aurae,

324 2422 458 2480 Vacuum
477 2441 527 2500 per
546 2419 629 2478 inane
649 2418 786 2489 volantes,
984 2419 1023 2470 30

322 2517 452 2577 Tulerint
471 2537 536 2575 cum
556 2515 672 2594 pulvere
690 2534 800 2587 nervos,

324 2613 480 2672 Hominem
499 2611 613 2689 periisse
632 2607 736 2668 licebit.

324 2803 379 2862 Sed
399 2802 469 2860 dum
488 2798 637 2858 resolubile
656 2816 757 2875 corpus

323 2899 460 2970 Revocas,
481 2897 571 2968 Deus,
592 2900 679 2971 atque
697 2894 840 2966 reformas,

323 2993 457 3064 Qudnam
477 2990 587 3068 regione
602 2987 717 3066 jubebis
985 2992 1021 3043 35

323 3087 462 3146 Animam
480 3085 650 3163 requiescere
670 3082 794 3162 puraml

173 3358 268 3414 17-32.
298 3356 349 3405 We
363 3369 419 3414 may
434 3365 543 3413 compare
558 3350 617 3397 with
630 3351 697 3398 these
707 3358 799 3398 stannes
814 3348 855 3397 the
866 3349 937 3396 latter
946 3345 1020 3408 chap-

128 3445 174 3484 ters
183 3435 211 3482 of
220 3431 378 3482 Tertullian’s
388 3428 492 3484 trectise,
504 3429 544 3475 Dc
556 3427 660 3475 Restare.
675 3427 774 3475 Carnu.
