2486 4006
381 288 424 333 DE
441 283 614 332 NOVISSIMO
632 281 773 328 JUDIOEO.

331 436 422 512 Tube,
443 436 548 495 mirum
567 451 700 512 spargens
720 449 821 488 sonum

329 534 385 593 Per
404 531 551 610 sepulchre
570 527 725 608 regionum,

330 629 421 706 Coget
440 645 537 685 omues
555 630 621 683 unte
640 623 783 680 thronum.

328 809 408 866 Mors
426 805 554 884 stupebit
573 810 602 862 et
621 809 732 876 nature,

327 903 426 972 Quum
447 904 572 978 resurget
592 903 728 970 ereatura,

326 995 475 1055 Judiosuti
495 1013 669 1072 responsura.

325 1186 411 1245 Liber
430 1184 552 1262 scriptus
570 1182 735 1260 proferetur,

325 1280 361 1338 In
381 1300 438 1359 quo
457 1285 552 1339 totum
572 1276 740 1347 continetur,

324 1375 370 1434 De
389 1395 447 1452 quo
467 1372 591 1433 mundus
607 1370 758 1449 judicetur.

323 1561 421 1618 Judsx
440 1577 506 1635 ergo
525 1575 616 1634 quum
635 1554 752 1627 sedebit,

325 1651 474 1730 Quidquid
493 1651 574 1723 latet,
594 1647 751 1726 apparebit,

323 1749 375 1807 Nil
395 1746 519 1806 inultum
539 1743 703 1803 remanebit.

324 1932 404 2003 Quid
423 1952 487 1992 sum
506 1930 672 1989 misertum
693 1929 829 2003 diuturne,

323 2027 417 2097 Quem
436 2033 589 2105 patronum
609 2033 769 2103 rogaturus,

322 2124 422 2193 Quum
442 2123 493 2182 vix
509 2122 606 2200 justus
626 2122 663 2182 sit
683 2123 817 2182 securus?

329 2306 394 2365 Rex
412 2305 563 2365 tremeudae
582 2306 748 2383 majestatis,

260 2451 263 2456 Δ
321 2402 381 2474 Qui
401 2401 551 2462 salvandos
572 2401 665 2461 salvus
683 2401 781 2480 gratis,

321 2499 407 2559 Salva
425 2519 482 2572 me,
501 2500 563 2558 fons
582 2497 706 2576 pietatis

320 2684 486 2758 Recordare,
506 2683 576 2742 Jesu
595 2683 651 2761 pie,

321 2779 409 2851 Quod
428 2799 492 2838 sum
512 2797 597 2837 eausa
617 2784 675 2837 tuae
694 2776 748 2836 viae
757 2800 767 2847 ;

319 2871 366 2930 Ne
384 2889 430 2929 mo
449 2868 549 2948 perdas
567 2868 616 2926 ills
636 2869 697 2928 die!

318 3059 454 3129 Quaereus
473 3077 519 3114 me
538 3055 635 3115 sedisti
654 3056 753 3129 lassus

319 3151 477 3212 Redemisti
496 3171 606 3210 crucem
626 3171 745 3228 pessus:

317 3249 426 3308 Tantus
445 3246 524 3306 lsbor
543 3266 600 3304 non
619 3245 657 3304 sit
676 3266 778 3306 cossus.

331 3463 368 3510 rs.
394 3461 578 3528 aereorum]
605 3462 643 3511 oc.
654 3461 720 3510 John
731 3463 763 3509 iv.
775 3462 798 3509 o.

839 3537 932 3598 lit-2
