<?xml version="1.0" encoding="UTF-8"?>
<!DOCTYPE html PUBLIC "-//W3C//DTD XHTML 1.0 Transitional//EN"
    "http://www.w3.org/TR/xhtml1/DTD/xhtml1-transitional.dtd">
<html xmlns="http://www.w3.org/1999/xhtml" xml:lang="en" lang="en">
 <head>
  <title>
</title>
<meta http-equiv="Content-Type" content="text/html;charset=utf-8" />
  <meta name='ocr-system' content='tesseract 3.04.00' />
  <meta name='ocr-capabilities' content='ocr_page ocr_carea ocr_par ocr_line ocrx_word'/>
</head>
<body>
  <div class='ocr_page' id='page_1' title='image "./sacredlatinpoet05trengoog_0215.png"; bbox 0 0 2512 4016; ppageno 0'>
   <div class='ocr_carea' id='block_1_1' title="bbox 236 254 856 318">
    <p class='ocr_par' dir='ltr' id='par_1_1' title="bbox 236 254 856 318">
     <span class='ocr_line' id='line_1_1' title="bbox 236 254 856 318; baseline -0.032 -2"><span class='ocrx_word' id='word_1_1' title='bbox 236 256 298 318; x_wconf 87' lang='lat'>190</span> <span class='ocrx_word' id='word_1_2' title='bbox 503 266 594 312; x_wconf 77' lang='lat' dir='ltr'>nunu</span> <span class='ocrx_word' id='word_1_3' title='bbox 612 263 652 309; x_wconf 87' lang='lat' dir='ltr'>or</span> <span class='ocrx_word' id='word_1_4' title='bbox 671 261 708 306; x_wconf 83' lang='lat' dir='ltr'>sn</span> <span class='ocrx_word' id='word_1_5' title='bbox 726 254 856 301; x_wconf 81' lang='lat' dir='ltr'>vrcron.</span> 
     </span>
    </p>
   </div>
   <div class='ocr_carea' id='block_1_2' title="bbox 426 410 833 684">
    <p class='ocr_par' dir='ltr' id='par_1_2' title="bbox 426 410 833 684">
     <span class='ocr_line' id='line_1_2' title="bbox 429 410 833 486; baseline -0.035 -9"><span class='ocrx_word' id='word_1_6' title='bbox 429 416 501 477; x_wconf 85' lang='lat' dir='ltr'>Heri</span> <span class='ocrx_word' id='word_1_7' title='bbox 520 415 621 474; x_wconf 83' lang='lat' dir='ltr'>chorus</span> <span class='ocrx_word' id='word_1_8' title='bbox 642 410 804 486; x_wconf 77' lang='lat' dir='ltr'>angelorum</span> <span class='ocrx_word' id='word_1_9' title='bbox 829 447 833 454; x_wconf 55' lang='grc'>,</span> 
     </span>
     <span class='ocr_line' id='line_1_3' title="bbox 427 505 815 570; baseline -0.028 0"><span class='ocrx_word' id='word_1_10' title='bbox 427 512 598 570; x_wconf 83' lang='lat' dir='ltr'><strong>Prosecutus</strong></span> <span class='ocrx_word' id='word_1_11' title='bbox 616 512 659 564; x_wconf 84' lang='lat' dir='ltr'>esl</span> <span class='ocrx_word' id='word_1_12' title='bbox 679 505 815 562; x_wconf 84' lang='lat' dir='ltr'>coelorum</span> 
     </span>
     <span class='ocr_line' id='line_1_4' title="bbox 426 598 746 684; baseline -0.034 -18"><span class='ocrx_word' id='word_1_13' title='bbox 426 608 533 684; x_wconf 84' lang='lat' dir='ltr'>Regem</span> <span class='ocrx_word' id='word_1_14' title='bbox 552 621 618 661; x_wconf 90' lang='lat' dir='ltr'>cum</span> <span class='ocrx_word' id='word_1_15' title='bbox 636 598 746 658; x_wconf 73' lang='lat' dir='ltr'>letitia.</span> 
     </span>
    </p>
   </div>
   <div class='ocr_carea' id='block_1_3' title="bbox 427 767 857 1327">
    <p class='ocr_par' dir='ltr' id='par_1_3' title="bbox 427 767 819 1033">
     <span class='ocr_line' id='line_1_5' title="bbox 428 767 806 848; baseline -0.024 -13"><span class='ocrx_word' id='word_1_16' title='bbox 428 777 627 848; x_wconf 75' lang='lat' dir='ltr'>Protomartyr</span> <span class='ocrx_word' id='word_1_17' title='bbox 646 778 676 829; x_wconf 83' lang='lat' dir='ltr'>et</span> <span class='ocrx_word' id='word_1_18' title='bbox 696 767 806 840; x_wconf 68' lang='lat' dir='ltr'>[avita</span> 
     </span>
     <span class='ocr_line' id='line_1_6' title="bbox 428 862 819 941; baseline -0.023 -12"><span class='ocrx_word' id='word_1_19' title='bbox 428 871 530 930; x_wconf 81' lang='lat' dir='ltr'>Clarus</span> <span class='ocrx_word' id='word_1_20' title='bbox 550 867 615 941; x_wconf 86' lang='lat' dir='ltr'>fide,</span> <span class='ocrx_word' id='word_1_21' title='bbox 636 867 729 926; x_wconf 84' lang='lat' dir='ltr'>clarus</span> <span class='ocrx_word' id='word_1_22' title='bbox 749 862 819 936; x_wconf 75' lang='lat' dir='ltr'>vita,</span> 
     </span>
     <span class='ocr_line' id='line_1_7' title="bbox 427 959 748 1033; baseline -0.028 -8"><span class='ocrx_word' id='word_1_23' title='bbox 427 965 529 1026; x_wconf 84' lang='lat' dir='ltr'>Clarus</span> <span class='ocrx_word' id='word_1_24' title='bbox 548 973 577 1022; x_wconf 86' lang='lat' dir='ltr'>et</span> <span class='ocrx_word' id='word_1_25' title='bbox 596 959 748 1033; x_wconf 80' lang='lat' dir='ltr'>miraculis,</span> 
     </span>
    </p>

    <p class='ocr_par' dir='ltr' id='par_1_4' title="bbox 427 1053 857 1327">
     <span class='ocr_line' id='line_1_8' title="bbox 427 1053 857 1130; baseline -0.021 -11"><span class='ocrx_word' id='word_1_26' title='bbox 427 1059 487 1119; x_wconf 85' lang='lat' dir='ltr'>Sub</span> <span class='ocrx_word' id='word_1_27' title='bbox 506 1059 559 1116; x_wconf 70' lang='lat' dir='ltr'>hae</span> <span class='ocrx_word' id='word_1_28' title='bbox 577 1057 639 1114; x_wconf 88' lang='lat' dir='ltr'>luce</span> <span class='ocrx_word' id='word_1_29' title='bbox 658 1053 857 1130; x_wconf 79' lang='lat' dir='ltr'>triumphavit,</span> 
     </span>
     <span class='ocr_line' id='line_1_9' title="bbox 427 1147 832 1230; baseline -0.02 -16"><span class='ocrx_word' id='word_1_30' title='bbox 427 1157 466 1214; x_wconf 81' lang='lat' dir='ltr'>Et</span> <span class='ocrx_word' id='word_1_31' title='bbox 485 1152 664 1230; x_wconf 78' lang='lat' dir='ltr'>triumphans</span> <span class='ocrx_word' id='word_1_32' title='bbox 684 1147 832 1207; x_wconf 80' lang='lat' dir='ltr'>insultavit</span> 
     </span>
     <span class='ocr_line' id='line_1_10' title="bbox 427 1243 765 1327; baseline -0.021 -17"><span class='ocrx_word' id='word_1_33' title='bbox 427 1250 588 1327; x_wconf 77' lang='lat' dir='ltr'><strong>Stephanus</strong></span> <span class='ocrx_word' id='word_1_34' title='bbox 606 1243 765 1305; x_wconf 84' lang='lat' dir='ltr'>incredulis.</span> 
     </span>
    </p>
   </div>
   <div class='ocr_carea' id='block_1_4' title="bbox 426 1414 901 1982">
    <p class='ocr_par' dir='ltr' id='par_1_5' title="bbox 427 1414 901 1589">
     <span class='ocr_line' id='line_1_11' title="bbox 427 1414 901 1496; baseline -0.025 -15"><span class='ocrx_word' id='word_1_35' title='bbox 427 1423 564 1481; x_wconf 81' lang='lat' dir='ltr'>Fremunt</span> <span class='ocrx_word' id='word_1_36' title='bbox 584 1437 649 1496; x_wconf 83' lang='lat' dir='ltr'>ergo</span> <span class='ocrx_word' id='word_1_37' title='bbox 669 1425 806 1494; x_wconf 82' lang='lat' dir='ltr'>tanquam</span> <span class='ocrx_word' id='word_1_38' title='bbox 826 1414 901 1484; x_wconf 81' lang='lat' dir='ltr'>feras,</span> 
     </span>
     <span class='ocr_line' id='line_1_12' title="bbox 427 1514 733 1589; baseline -0.026 -12"><span class='ocrx_word' id='word_1_39' title='bbox 427 1517 505 1589; x_wconf 78' lang='lat' dir='ltr'>Quia</span> <span class='ocrx_word' id='word_1_40' title='bbox 524 1514 592 1574; x_wconf 76' lang='lat' dir='ltr'>vieti</span> <span class='ocrx_word' id='word_1_41' title='bbox 613 1514 733 1572; x_wconf 84' lang='lat' dir='ltr'>defecere</span> 
     </span>
    </p>

    <p class='ocr_par' dir='ltr' id='par_1_6' title="bbox 427 1608 702 1670">
     <span class='ocr_line' id='line_1_13' title="bbox 427 1608 702 1670; baseline -0.007 1"><span class='ocrx_word' id='word_1_42' title='bbox 427 1613 513 1670; x_wconf 90' lang='lat' dir='ltr'>Lucis</span> <span class='ocrx_word' id='word_1_43' title='bbox 532 1608 702 1670; x_wconf 89' lang='lat' dir='ltr'>adversarii:</span> 
     </span>
    </p>

    <p class='ocr_par' dir='ltr' id='par_1_7' title="bbox 427 1710 790 1776">
     <span class='ocr_line' id='line_1_14' title="bbox 427 1710 790 1776; baseline -0.028 -5"><span class='ocrx_word' id='word_1_44' title='bbox 427 1711 525 1770; x_wconf 85' lang='lat' dir='ltr'>Falsus</span> <span class='ocrx_word' id='word_1_45' title='bbox 544 1716 629 1768; x_wconf 77' lang='lat' dir='ltr'>testes</span> <span class='ocrx_word' id='word_1_46' title='bbox 649 1710 790 1776; x_wconf 79' lang='lat' dir='ltr'>statuunt,</span> 
     </span>
    </p>

    <p class='ocr_par' dir='ltr' id='par_1_8' title="bbox 426 1808 761 1982">
     <span class='ocr_line' id='line_1_15' title="bbox 426 1808 761 1886; baseline -0.024 -18"><span class='ocrx_word' id='word_1_47' title='bbox 426 1809 467 1868; x_wconf 80' lang='lat' dir='ltr'>Et</span> <span class='ocrx_word' id='word_1_48' title='bbox 486 1808 597 1886; x_wconf 77' lang='lat' dir='ltr'>linguas</span> <span class='ocrx_word' id='word_1_49' title='bbox 617 1809 761 1864; x_wconf 83' lang='lat' dir='ltr'>exacuunt</span> 
     </span>
     <span class='ocr_line' id='line_1_16' title="bbox 428 1900 681 1982; baseline -0.02 -22"><span class='ocrx_word' id='word_1_50' title='bbox 428 1904 600 1982; x_wconf 83' lang='lat' dir='ltr'>Viperarum</span> <span class='ocrx_word' id='word_1_51' title='bbox 620 1900 681 1958; x_wconf 90' lang='lat' dir='ltr'>filii.</span> 
     </span>
    </p>
   </div>
   <div class='ocr_carea' id='block_1_5' title="bbox 427 2071 836 2626">
    <p class='ocr_par' dir='ltr' id='par_1_9' title="bbox 427 2071 836 2626">
     <span class='ocr_line' id='line_1_17' title="bbox 428 2071 771 2152; baseline -0.015 -20"><span class='ocrx_word' id='word_1_52' title='bbox 428 2074 577 2152; x_wconf 80' lang='lat' dir='ltr'>Agonista,</span> <span class='ocrx_word' id='word_1_53' title='bbox 597 2071 669 2130; x_wconf 90' lang='lat' dir='ltr'>nulli</span> <span class='ocrx_word' id='word_1_54' title='bbox 689 2071 754 2129; x_wconf 86' lang='lat' dir='ltr'>cede</span> <span class='ocrx_word' id='word_1_55' title='bbox 763 2094 771 2142; x_wconf 93' lang='lat'>;</span> 
     </span>
     <span class='ocr_line' id='line_1_18' title="bbox 430 2165 836 2237; baseline -0.017 -8"><span class='ocrx_word' id='word_1_56' title='bbox 430 2171 515 2229; x_wconf 73' lang='lat' dir='ltr'>Certi</span> <span class='ocrx_word' id='word_1_57' title='bbox 535 2176 627 2228; x_wconf 76' lang='lat' dir='ltr'>certus</span> <span class='ocrx_word' id='word_1_58' title='bbox 648 2169 683 2226; x_wconf 86' lang='lat' dir='ltr'>de</span> <span class='ocrx_word' id='word_1_59' title='bbox 702 2165 836 2237; x_wconf 84' lang='lat' dir='ltr'>mercede,</span> 
     </span>
     <span class='ocr_line' id='line_1_19' title="bbox 427 2263 766 2339; baseline -0.012 -17"><span class='ocrx_word' id='word_1_60' title='bbox 427 2264 586 2337; x_wconf 84' lang='lat' dir='ltr'>Persevera,</span> <span class='ocrx_word' id='word_1_61' title='bbox 607 2263 766 2339; x_wconf 78' lang='lat' dir='ltr'>Stephane:</span> 
     </span>
     <span class='ocr_line' id='line_1_20' title="bbox 429 2357 755 2430; baseline -0.003 -14"><span class='ocrx_word' id='word_1_62' title='bbox 429 2358 511 2416; x_wconf 82' lang='lat' dir='ltr'>Insla</span> <span class='ocrx_word' id='word_1_63' title='bbox 530 2358 606 2416; x_wconf 88' lang='lat' dir='ltr'>falsis</span> <span class='ocrx_word' id='word_1_64' title='bbox 626 2357 755 2430; x_wconf 79' lang='lat' dir='ltr'>testibus,</span> 
     </span>
     <span class='ocr_line' id='line_1_21' title="bbox 428 2451 746 2512; baseline -0.003 -1"><span class='ocrx_word' id='word_1_65' title='bbox 428 2453 553 2512; x_wconf 83' lang='lat' dir='ltr'>Oonfuta</span> <span class='ocrx_word' id='word_1_66' title='bbox 573 2451 746 2510; x_wconf 88' lang='lat' dir='ltr'>sermonibus</span> 
     </span>
     <span class='ocr_line' id='line_1_22' title="bbox 428 2547 749 2626; baseline -0.016 -19"><span class='ocrx_word' id='word_1_67' title='bbox 428 2549 608 2626; x_wconf 73' lang='lat' dir='ltr'>synagogam</span> <span class='ocrx_word' id='word_1_68' title='bbox 628 2547 749 2607; x_wconf 81' lang='lat' dir='ltr'>Satanae.</span> 
     </span>
    </p>
   </div>
   <div class='ocr_carea' id='block_1_6' title="bbox 426 2719 825 2969">
    <p class='ocr_par' dir='ltr' id='par_1_10' title="bbox 426 2719 825 2969">
     <span class='ocr_line' id='line_1_23' title="bbox 426 2719 825 2792; baseline -0.003 -15"><span class='ocrx_word' id='word_1_69' title='bbox 426 2719 518 2778; x_wconf 80' lang='lat' dir='ltr'>Testis</span> <span class='ocrx_word' id='word_1_70' title='bbox 538 2726 605 2777; x_wconf 78' lang='lat' dir='ltr'><strong>tuus</strong></span> <span class='ocrx_word' id='word_1_71' title='bbox 625 2719 716 2778; x_wconf 77' lang='lat' dir='ltr'>estin</span> <span class='ocrx_word' id='word_1_72' title='bbox 736 2720 825 2792; x_wconf 83' lang='lat' dir='ltr'>coelis,</span> 
     </span>
     <span class='ocr_line' id='line_1_24' title="bbox 427 2813 794 2887; baseline -0.008 -14"><span class='ocrx_word' id='word_1_73' title='bbox 427 2815 518 2873; x_wconf 78' lang='lat' dir='ltr'>Testis</span> <span class='ocrx_word' id='word_1_74' title='bbox 539 2835 625 2873; x_wconf 86' lang='lat' dir='ltr'>verax</span> <span class='ocrx_word' id='word_1_75' title='bbox 645 2821 674 2873; x_wconf 79' lang='lat' dir='ltr'>et</span> <span class='ocrx_word' id='word_1_76' title='bbox 695 2813 794 2887; x_wconf 91' lang='lat' dir='ltr'>fidelis,</span> 
     </span>
     <span class='ocr_line' id='line_1_25' title="bbox 426 2909 714 2969; baseline -0.007 0"><span class='ocrx_word' id='word_1_77' title='bbox 426 2910 518 2969; x_wconf 80' lang='lat' dir='ltr'>Testis</span> <span class='ocrx_word' id='word_1_78' title='bbox 538 2909 714 2968; x_wconf 78' lang='lat' dir='ltr'>innocenliae.</span> 
     </span>
    </p>
   </div>
   <div class='ocr_carea' id='block_1_7' title="bbox 233 3119 1126 3334">
    <p class='ocr_par' dir='ltr' id='par_1_11' title="bbox 233 3119 1126 3334">
     <span class='ocr_line' id='line_1_26' title="bbox 277 3119 1125 3179; baseline 0.002 -15"><span class='ocrx_word' id='word_1_79' title='bbox 277 3119 299 3171; x_wconf 88' lang='grc'>7.</span> <span class='ocrx_word' id='word_1_80' title='bbox 330 3119 430 3179; x_wconf 74' lang='lat' dir='ltr'>Levita]</span> <span class='ocrx_word' id='word_1_81' title='bbox 464 3120 487 3166; x_wconf 93' lang='lat' dir='ltr'>lt</span> <span class='ocrx_word' id='word_1_82' title='bbox 505 3122 525 3167; x_wconf 86' lang='lat' dir='ltr'>is</span> <span class='ocrx_word' id='word_1_83' title='bbox 541 3119 627 3178; x_wconf 84' lang='lat' dir='ltr'>hardly</span> <span class='ocrx_word' id='word_1_84' title='bbox 636 3133 761 3179; x_wconf 83' lang='lat' dir='ltr'>necessary</span> <span class='ocrx_word' id='word_1_85' title='bbox 777 3129 801 3166; x_wconf 84' lang='lat' dir='ltr'>te</span> <span class='ocrx_word' id='word_1_86' title='bbox 816 3121 914 3166; x_wconf 86' lang='lat' dir='ltr'>observe</span> <span class='ocrx_word' id='word_1_87' title='bbox 924 3119 984 3177; x_wconf 88' lang='lat' dir='ltr'>that,</span> <span class='ocrx_word' id='word_1_88' title='bbox 996 3121 1028 3179; x_wconf 92' lang='lat' dir='ltr'>by</span> <span class='ocrx_word' id='word_1_89' title='bbox 1040 3135 1053 3165; x_wconf 89' lang='lat' dir='ltr'>a</span> <span class='ocrx_word' id='word_1_90' title='bbox 1067 3135 1125 3179; x_wconf 87' lang='lat' dir='ltr'>very</span> 
     </span>
     <span class='ocr_line' id='line_1_27' title="bbox 233 3194 1125 3256; baseline 0.001 -15"><span class='ocrx_word' id='word_1_91' title='bbox 233 3195 327 3242; x_wconf 81' lang='lat' dir='ltr'>natural</span> <span class='ocrx_word' id='word_1_92' title='bbox 336 3194 437 3242; x_wconf 83' lang='lat' dir='ltr'>transfer</span> <span class='ocrx_word' id='word_1_93' title='bbox 447 3196 474 3242; x_wconf 88' lang='lat' dir='ltr'>of</span> <span class='ocrx_word' id='word_1_94' title='bbox 482 3196 575 3244; x_wconf 86' lang='lat' dir='ltr'>Jewish</span> <span class='ocrx_word' id='word_1_95' title='bbox 586 3205 658 3244; x_wconf 79' lang='lat' dir='ltr'>terma</span> <span class='ocrx_word' id='word_1_96' title='bbox 670 3203 693 3242; x_wconf 86' lang='lat' dir='ltr'>te</span> <span class='ocrx_word' id='word_1_97' title='bbox 705 3195 827 3244; x_wconf 86' lang='lat' dir='ltr'>Christian</span> <span class='ocrx_word' id='word_1_98' title='bbox 842 3195 931 3256; x_wconf 84' lang='lat' dir='ltr'>things,</span> <span class='ocrx_word' id='word_1_99' title='bbox 945 3197 1032 3242; x_wconf 80' lang='lat' dir='ltr'>Levita</span> <span class='ocrx_word' id='word_1_100' title='bbox 1046 3197 1071 3242; x_wconf 93' lang='lat' dir='ltr'>in</span> <span class='ocrx_word' id='word_1_101' title='bbox 1084 3197 1125 3242; x_wconf 89' lang='lat' dir='ltr'>the</span> 
     </span>
     <span class='ocr_line' id='line_1_28' title="bbox 235 3269 1126 3334; baseline -0.001 -14"><span class='ocrx_word' id='word_1_102' title='bbox 235 3273 299 3332; x_wconf 85' lang='lat' dir='ltr'>early</span> <span class='ocrx_word' id='word_1_103' title='bbox 313 3269 411 3319; x_wconf 83' lang='lat' dir='ltr'>Ghurch</span> <span class='ocrx_word' id='word_1_104' title='bbox 426 3271 546 3332; x_wconf 86' lang='lat' dir='ltr'>language</span> <span class='ocrx_word' id='word_1_105' title='bbox 562 3287 611 3319; x_wconf 84' lang='lat' dir='ltr'>was</span> <span class='ocrx_word' id='word_1_106' title='bbox 625 3269 764 3332; x_wconf 83' lang='lat' dir='ltr'>equivalent</span> <span class='ocrx_word' id='word_1_107' title='bbox 778 3280 802 3319; x_wconf 81' lang='lat' dir='ltr'>to</span> <span class='ocrx_word' id='word_1_108' title='bbox 822 3271 945 3318; x_wconf 81' lang='lat' dir='ltr'>diaeonus.</span> <span class='ocrx_word' id='word_1_109' title='bbox 979 3271 1126 3334; x_wconf 67' lang='lat' dir='ltr'>(Bingham</span> 
     </span>
    </p>
   </div>
   <div class='ocr_carea' id='block_1_8' title="bbox 236 3347 790 3479">
    <p class='ocr_par' dir='ltr' id='par_1_12' title="bbox 236 3347 790 3479">
     <span class='ocr_line' id='line_1_29' title="bbox 236 3347 575 3408; baseline -0.009 -11"><span class='ocrx_word' id='word_1_110' title='bbox 236 3350 346 3408; x_wconf 81' lang='lat' dir='ltr'>Anlqu.,</span> <span class='ocrx_word' id='word_1_111' title='bbox 354 3347 377 3394; x_wconf 92' lang='lat' dir='ltr'>b.</span> <span class='ocrx_word' id='word_1_112' title='bbox 388 3347 412 3406; x_wconf 82' lang='lat'>2,</span> <span class='ocrx_word' id='word_1_113' title='bbox 423 3361 443 3394; x_wconf 86' lang='lat' dir='ltr'>c.</span> <span class='ocrx_word' id='word_1_114' title='bbox 453 3347 492 3405; x_wconf 83' lang='lat'>20,</span> <span class='ocrx_word' id='word_1_115' title='bbox 504 3347 527 3408; x_wconf 66' lang='grc' dir='ltr'>ξ.</span> <span class='ocrx_word' id='word_1_116' title='bbox 539 3347 575 3408; x_wconf 80' lang='lat'>2.)</span> 
     </span>
     <span class='ocr_line' id='line_1_30' title="bbox 280 3419 790 3479; baseline -0.014 -7"><span class='ocrx_word' id='word_1_117' title='bbox 280 3426 315 3472; x_wconf 92' lang='lat' dir='ltr'>ll.</span> <span class='ocrx_word' id='word_1_118' title='bbox 345 3419 486 3479; x_wconf 75' lang='lat' dir='ltr'>insultavit]</span> <span class='ocrx_word' id='word_1_119' title='bbox 518 3419 557 3467; x_wconf 79' lang='lat' dir='ltr'>of.</span> <span class='ocrx_word' id='word_1_120' title='bbox 568 3421 631 3467; x_wconf 79' lang='lat' dir='ltr'>Acts</span> <span class='ocrx_word' id='word_1_121' title='bbox 641 3421 683 3467; x_wconf 87' lang='lat' dir='ltr'>vii.</span> <span class='ocrx_word' id='word_1_122' title='bbox 695 3421 790 3468; x_wconf 73' lang='lat'><strong>51-53.</strong></span> 
     </span>
    </p>
   </div>
   <div class='ocr_carea' id='block_1_9' title="bbox 0 0 1261 4016">
    <p class='ocr_par' dir='ltr' id='par_1_13' title="bbox 0 0 1261 4016">
     <span class='ocr_line' id='line_1_31' title="bbox 0 0 1261 4016; baseline 0 0"><span class='ocrx_word' id='word_1_123' title='bbox 0 0 1261 4016; x_wconf 95' lang='lat' dir='ltr'> </span> 
     </span>
    </p>
   </div>
  </div>
 </body>
</html>
