2512 4016
443 271 485 315 DE
502 273 631 318 NOMINE
649 276 735 322 JESU.

338 417 417 492 Jesu,
439 419 557 480 dulcedo
578 423 717 495 cordium,

338 513 415 572 Fons
435 515 528 590 vivus,
550 517 647 577 lumen
666 521 814 595 mentium,

338 607 487 669 Excedens
507 632 590 671 omne
609 614 756 691 gaudium,

338 705 378 764 Et
398 727 481 766 omne
501 707 677 770 desiderium.

338 892 400 950 Neo
420 893 518 972 lingue
537 896 614 955 valet
634 897 733 972 dicere,

337 988 399 1046 Nec
418 989 514 1048 littere
533 990 699 1068 exprimere,
780 1023 782 1028 ·

336 1073 481 1161 Expertus
500 1092 594 1163 potest
614 1089 722 1146 credere

336 1180 416 1250 Quid
436 1182 474 1240 sit
493 1182 593 1242 Jesum
614 1184 737 1263 diligere.

336 1369 459 1438 Quando
479 1391 527 1429 cor
546 1377 675 1430 nostrum
695 1371 802 1447 visitem,

334 1463 415 1522 Tunc
435 1465 511 1524 lucet
531 1466 557 1524 ei
577 1467 690 1541 veritae,

334 1558 440 1617 Mundi
460 1559 570 1618 vilescit
590 1561 710 1634 vanitas,

333 1650 373 1709 Et
392 1651 471 1710 intus
490 1653 579 1712 fervet
599 1653 708 1712 caritas.

333 1838 394 1908 Qui
413 1845 442 1897 te
461 1846 588 1918 gustant,
608 1841 753 1916 esuriunt3

333 1933 393 2002 Qui
413 1932 524 2008 bibunt,
545 1935 639 1994 adhuc
658 1937 777 2012 sitiunt3

332 2027 499 2086 Desiderere
518 2029 646 2089 nesciunt

331 2123 398 2182 Nisi
417 2124 517 2184 Jesum
537 2146 622 2204 quem
643 2128 787 2208 diligunt:

332 2309 425 2378 Quem
446 2316 514 2369 tuus
534 2331 615 2370 amor
633 2313 733 2389 ebriat,

331 2405 424 2464 Novit
444 2407 514 2485 quid
533 2408 618 2469 Jesus
637 2412 746 2489 sepiem

331 2499 428 2569 Quem
449 2503 516 2561 felix
536 2510 579 2563 est
599 2525 683 2582 quem
704 2508 806 2567 satiet!

328 2594 360 2652 N
361 2615 398 2653 on
417 2603 459 2656 est
479 2599 555 2657 ultre
576 2601 653 2678 quod
673 2603 778 2680 cupiat.

329 2783 408 2859 «Iesu,
430 2787 516 2848 decus
536 2789 703 2867 angelicum,

328 2878 365 2936 In
385 2901 452 2939 aure
472 2882 554 2941 dulce
574 2885 724 2952 canticum,

328 2975 364 3032 In
385 2997 431 3036 ore
450 2980 507 3037 mel
526 2979 687 3053 mirificum,

327 3069 363 3128 In
384 3071 466 3131 corde
485 3081 581 3132 nectar
601 3075 748 3135 coelicum:

326 3255 463 3316 Desidero
483 3264 512 3316 te
532 3256 643 3333 millies,

328 3351 373 3410 Mi
393 3352 472 3427 Jesu,
494 3353 608 3432 quando
628 3357 743 3419 venies?

212 3442 348 3527 [m]
912 3465 948 3523 15
