2516 4012
379 250 732 299 Anaunion-vtem
961 219 1003 288 57

113 403 169 460 line
174 403 259 458 1-Ιιίε
269 402 333 458 nkil]
344 402 373 456 in
385 400 573 468 oondnotinga
586 394 823 452 narratione-and
834 398 904 446 most
919 389 950 444 of
960 387 1006 454 all,

113 500 162 555 the
180 499 286 554 evident
302 513 426 552 nearneas
441 495 472 549 of
486 494 533 549 the
551 492 644 562 things
660 489 751 544 which
768 488 803 542 he
820 486 964 542 celebrates
979 487 1009 538 to

114 593 159 650 hia
173 609 236 648 own
250 593 328 648 hear-t
344 591 375 646 oi
387 587 549 645 hearta—all
565 577 651 652 these,
661 585 714 639 and
731 583 809 638 other
825 577 1007 642 excellenciea,

155 783 162 810 ¹
176 781 238 826 'litua
246 782 273 825 of
282 793 296 826 a
305 781 391 826 Roman
399 792 515 837 governor,
524 780 581 831 who,
590 776 725 830 alternating
732 772 839 816 flatteriea
847 768 901 813 with
914 767 1009 817 threats,

114 850 135 890 it
144 847 238 902 seeking
246 851 271 891 to
277 848 342 891 oribe
349 859 392 892 one
400 849 425 891 of
431 848 468 890 the
477 847 538 897 early
544 847 641 896 martyra
650 843 707 884 from
716 842 756 883 her
765 837 885 892 allegiance
892 838 917 877 to
925 832 1011 882 christ,

114 915 146 966 by
155 914 193 957 the
201 915 257 959 offer
265 915 291 958 of
296 915 388 967 worldly
396 914 501 969 dignities
510 913 554 956 end
562 913 659 954 honore:

370 1004 440 1047 Offert
454 1004 533 1054 multa,
547 993 642 1054 spondet
655 1001 727 1052 plura,

372 1072 492 1114 Periturae
502 1071 614 1122 perituro.
1000 1089 1003 1105 ι

154 1157 240 1200 vanus
252 1157 308 1200 with
321 1157 380 1200 what
394 1157 495 1211 graeetnl
505 1165 556 1198 ease
568 1153 605 1196 hie
618 1152 689 1204 hymn
702 1162 732 1194 on
745 1150 784 1193 the
796 1143 936 1198 martyriam
947 1141 973 1184 ot
985 1139 1000 1183 S

116 1228 238 1272 catherine
251 1238 405 1272 commences:

370 1314 419 1356 Vox
432 1324 513 1357 sonora
525 1311 598 1355 nostri
612 1309 675 1353 chori

371 1381 456 1424 Nostro
469 1384 533 1424 tonet
546 1378 670 1429 conditori,

372 1449 416 1496 Qui
429 1449 528 1501 disponit
541 1447 629 1498 omnia3

372 1516 415 1559 Per
427 1527 493 1569 quem
507 1515 599 1558 dimicat
611 1512 717 1563 imbellis,

355 1579 357 1583 ’
372 1584 415 1626 Per
427 1595 495 1636 quem
508 1583 574 1625 datur
589 1585 611 1624 et
624 1579 706 1633 puellis

374 1651 407 1694 De
419 1652 474 1694 viris
486 1651 593 1694 victoriae

374 1752 416 1794 Per
429 1764 495 1804 quem
508 1752 572 1804 plebs
587 1748 736 1794 Alexandrina

376 1823 481 1866 Foeminoe
493 1833 539 1864 non
551 1819 669 1862 foeminina

377 1888 468 1940 Stupuit
481 1886 583 1940 ingenia5

376 1954 433 1997 Cam
445 1954 511 1996 beata
523 1951 645 1996 catharina

375 2023 460 2065 Doctos
472 2021 572 2064 vinceret
585 2018 695 2070 doctrina,

377 2089 470 2131 Ferrum
483 2086 601 2139 patientit.

377 2189 464 2233 Florem
476 2187 548 2230 teneri
561 2185 648 2229 decor-ie

378 2255 491 2299 Lectionis
504 2258 527 2297 et
539 2253 623 2296 laboris

377 2324 490 2366 Attrivere
505 2321 594 2364 studia:

378 2390 436 2432 Nam
449 2387 543 2440 perlegit
555 2384 685 2438 disciplinas

379 2459 499 2502 seculares
512 2458 535 2500 et
547 2454 635 2496 divinas

380 2527 408 2569 In
424 2523 580 2568 adolescentia.

379 2633 424 2675 Vae
438 2633 542 2683 electum,
554 2641 594 2673 vas
606 2629 726 2678 virtutum,

380 2699 500 2750 Reputavit
513 2697 572 2738 siout
583 2697 658 2737 lutum

380 2767 443 2809 Bona
455 2765 598 2808 transitoriae

381 2833 409 2874 Et
422 2832 511 2876 reduxit
523 2831 548 2873 in
560 2831 716 2880 contemptum

380 2900 455 2942 Patria
468 2910 530 2951 opes,
541 2901 563 2939 et
576 2899 695 2949 parentum

381 2967 453 3019 Larga
465 2963 607 3018 patrimonia.

380 3067 447 3109 Vasis
459 3067 533 3108 olenm
546 3061 672 3112 includens,

381 3133 450 3186 Virgo
463 3130 554 3182 sapiens
567 3131 589 3170 et
601 3127 711 3179 prudens,
780 3177 783 3182 Ι

382 3199 467 3252 Sponsa
479 3195 552 3249 pergit
565 3193 641 3244 obvie;

381 3265 413 3308 Ut
426 3264 534 3306 adventus
547 3261 595 3314 ejus
608 3257 665 3301 hort

382 3331 506 3382 Praeparata
518 3327 567 3370 eine
579 3326 642 3368 mort

382 3401 455 3442 Intret
468 3397 497 3441 ad
509 3395 619 3440 convivia.
