2516 4012
508 238 599 283 Anam
618 237 658 280 Oli
676 237 713 280 s‘l'
731 235 860 278 VICTOR.

438 390 571 448 Formam
591 387 715 465 primum
735 384 899 464 aquilinam,

441 487 480 544 Ei
501 485 654 544 secundum
674 484 822 550 leoninam,

439 579 495 638 Sed
513 579 668 637 humanam
688 586 716 638 et
735 577 869 637 bovinam

441 673 508 732 Duo
527 681 629 752 gerunt
651 675 716 734 alia.

441 827 551 885 Formae
571 828 694 884 formant
712 827 867 904 figurarum

442 922 560 980 Formas
581 921 836 998 Evangelistarum,

444 1019 574 1088 Quorum
594 1017 683 1075 imber
703 1017 892 1076 doctrinarum

443 1114 538 1174 Stillat
558 1114 588 1171 in
608 1111 751 1174 Ecclesii:

441 1209 484 1267 Hi
504 1217 570 1269 sunt
590 1211 705 1268 Marcus
725 1215 753 1267 et
774 1209 940 1280 Matthaeus,

442 1304 544 1378 Lucas,
564 1311 592 1363 et
613 1325 696 1383 quern
717 1303 870 1362 Zebedaeus

445 1398 530 1457 Pater
549 1399 602 1457 tibi
621 1398 707 1470 misit,
729 1399 817 1470 Deus,

444 1497 523 1556 Dum
543 1497 652 1555 laxaret
671 1495 749 1555 retia.

446 1651 579 1710 Formam
599 1649 653 1708 viri
674 1649 742 1708 dant
764 1648 913 1722 Matthaeo,

448 1745 525 1815 Quia
545 1744 655 1822 scripsit
675 1745 714 1802 sic
735 1743 768 1802 ds
788 1744 860 1817 Deo,

448 1840 527 1899 Sicut
548 1840 689 1898 descendit
710 1840 746 1898 ab
766 1860 808 1908 eo,

394 1965 395 1968 ¹
447 1937 540 2006 Quem
561 1935 723 2012 plasmavit,
743 1935 864 1994 homine.

448 2031 540 2089 Lucas
559 2031 610 2089 bos
630 2035 672 2087 est
692 2029 721 2086 in
740 2029 841 2108 liguria,

449 2127 493 2184 Ui
512 2131 709 2203 praemonstrat
729 2126 757 2182 in
778 2126 930 2204 scripturi,

448 2221 616 2280 Hostiarum
636 2228 754 2300 tangens
770 2223 837 2300 jura

449 2318 532 2396 Legis
552 2319 606 2378 sub
625 2319 771 2378 velamine.

451 2472 576 2543 Marcus,
596 2470 640 2529 leo
659 2490 709 2548 per
729 2470 868 2530 desertum

449 2567 592 2640 olamans,
613 2566 690 2643 rugit
711 2565 741 2624 in
760 2574 899 2645 apertum,

450 2663 509 2722 Iter
528 2663 580 2722 fiai
600 2663 662 2720 Deo
682 2669 798 2738 certum,

450 2758 593 2817 Mundum
613 2779 660 2816 cor
680 2757 697 2816 a
718 2761 840 2819 crimine.

450 2854 506 2914 Sed
525 2855 656 2930 Joannes,
677 2855 722 2914 ali
741 2856 807 2914 bina
906 2873 909 2879 ·

299 3080 336 3134 37.
365 3079 407 3128 ali
423 3082 491 3146 binc]
522 3087 601 3134 “The
612 3088 701 3138 double
713 3091 776 3151 wing
785 3089 813 3138 of
820 3092 891 3139 iove‘⁸
900 3093 921 3140 is
930 3093 972 3140 the
981 3094 1035 3141 love
1044 3094 1072 3142 of
1080 3095 1144 3156 (lod,

255 3154 302 3202 and
319 3155 347 3202 oi
359 3171 403 3204 our
422 3158 563 3219 neighbour.
595 3162 665 3212 Thus
676 3165 710 3212 ll.
726 3165 756 3214 de
771 3167 796 3216 S.
811 3167 908 3216 Victore
923 3167 1013 3231 (Sem.
1023 3170 1082 3230 97)=
1097 3170 1145 3219 Co·
1243 3171 1244 3174 ’

255 3232 339 3280 lumba
349 3243 431 3282 sancta
446 3235 556 3285 Ecclesia
571 3249 621 3288 csta
638 3257 691 3302 quae
706 3243 766 3292 duas
782 3244 832 3292 alas
847 3245 920 3293 habet
934 3260 976 3306 per
991 3245 1144 3294 dilectionem

257 3307 305 3356 Dei
316 3317 340 3356 et
349 3311 460 3372 proximi,
477 3311 492 3358 ia
506 3312 595 3362 dextris
606 3315 758 3365 dilectionem
774 3319 829 3379 Dei,
845 3321 859 3367 i
873 3321 976 3368 sinistris
991 3320 1144 3372 dilectionem

258 3398 371 3445 proxrmr.
