2516 4012
233 240 296 303 134
496 259 538 302 nn
556 259 706 303 nnssloun
725 257 855 302 neuun.

425 407 451 467 0
471 406 511 466 mi
532 407 621 481 Deua,
641 426 720 464 emor
739 408 837 466 meus!

425 503 506 562 Tune
524 523 576 580 pro
594 523 640 562 me
659 502 788 578 peteris?

425 600 537 678 Proque
555 599 681 677 indiguo,
702 597 791 657 erucis
811 596 897 676 ligno,

424 694 494 754 Jesu
512 693 563 769 mi,
583 693 739 772 suffigerisi

423 791 481 849 Pro
500 790 617 864 latrone,
637 789 706 848 Jeeu
725 789 807 857 bone,

424 887 469 944 Tu
489 884 518 943 in
538 905 647 944 crucem
667 883 794 944 tolleris?

424 981 480 1039 Pro
500 979 621 1059 peccetis
639 979 709 1038 meis
728 980 825 1058 gratis,

427 1075 499 1136 Vita
517 1095 589 1151 men,
609 1075 745 1136 moreris?

426 1263 493 1322 Non
513 1283 576 1322 sum
596 1262 679 1336 tenti,
700 1261 778 1336 Jesu‚
799 1261 899 1342 quenti

424 1360 516 1417 Amor
535 1365 604 1418 tuus
623 1358 763 1430 aestimnt3

425 1453 508 1513 Heu!
529 1474 579 1513 cur
598 1473 650 1532 ego
669 1454 760 1512 vitum
780 1454 859 1531 dege,

426 1549 457 1608 Si
476 1569 523 1608 cor
541 1556 571 1609 te
589 1569 646 1608 non
665 1547 813 1609 redamet?

425 1644 596 1705 Benedictus
615 1645 654 1705 sit
672 1643 796 1704 invictus

425 1740 517 1799 Amor
537 1739 650 1800 vincens
670 1741 782 1812 omnia3
807 1728 809 1734 ἲ

425 1837 517 1895 Amor
535 1837 625 1911 fortis,
644 1836 702 1895 tela
721 1834 820 1896 mortis

425 1933 572 2012 Reputans
591 1941 625 1994 ut
644 1934 761 1994 somnia.

424 2118 483 2178 Iste
502 2119 577 2193 fecit,
597 2127 626 2180 et
646 2120 740 2179 refecit

425 2215 526 2282 Amor,
547 2215 626 2282 ἔθευ,
646 2215 805 2292 perditum

425 2310 451 2367 Ο
471 2308 597 2387 insignis,
618 2310 719 2383 Amor,
740 2308 823 2390 ignis,

425 2405 483 2464 Cor
501 2403 625 2463 accende
638 2403 787 2481 frigidum!

425 2499 451 2558 Ο
472 2500 515 2557 fec
535 2497 600 2556 vere
620 2518 667 2556 cor
686 2499 791 2574 ardere,

424 2595 481 2653 Fac
501 2613 546 2652 me
565 2599 594 2652 te
614 2593 737 2671 diligere,

424 2689 471 2747 Du
490 2688 632 2768 conjungi,
653 2688 690 2746 dn
709 2688 825 2770 defungi

422 2783 536 2858 Tecum,
557 2783 685 2860 iesu-ec
705 2785 814 2846 vivere!

229 3113 348 3162 Columba
356 3127 411 3160 mec
420 3115 447 3160 in
457 3113 615 3164 foraminibus
622 3123 703 3175 petre,
709 3115 737 3161 in
746 3112 855 3162 eavcmti
865 3115 972 3162 macerie
981 3132 989 3162 ε
1001 3128 1031 3162 en
1039 3115 1118 3163 which

228 3189 304 3238 werde
320 3189 349 3237 St
357 3188 465 3237 Bemend
481 3192 557 3239 writes
573 3193 622 3251 (In
635 3193 719 3248 Cant,
730 3189 806 3238 Serm.
819 3189 875 3250 61)=
890 3189 1018 3239 Foramina
1034 3198 1118 3252 petre,
1249 3211 1250 3264 i

230 3267 330 3316 vulnere
340 3265 439 3316 christi.
462 3265 492 3314 ln
501 3267 541 3314 hic
550 3281 631 3328 passer
640 3267 733 3314 invenit
743 3266 791 3314 eibi
800 3265 899 3314 domum
909 3273 933 3314 et
940 3274 1017 3314 turtur
1023 3266 1119 3326 nidum,

228 3345 270 3393 ubi
280 3352 378 3406 reponet
388 3341 469 3406 pullos
479 3355 548 3390 suen:
564 3343 590 3388 in
600 3340 639 3388 hic
654 3356 679 3390 ee
695 3340 808 3388 columbe
821 3347 920 3398 tutetur,
931 3351 955 3390 et
964 3341 1117 3392 circumvoli·

227 3431 317 3473 tentem
329 3423 433 3470 intuetur
443 3419 590 3482 accipitrem.
