2516 4012
390 301 432 344 nn
449 302 650 348 nsrrvrrrrn
668 306 796 351 norrun.
974 287 1038 352 103

275 663 333 722 ΧΙ.
375 664 432 723 DE
459 665 718 726 NATIVITATE
745 667 914 728 DOMINI.

494 864 691 876 ———..—

350 1036 432 1096 TER
450 1039 605 1114 foecundas,
626 1061 642 1098 ο
663 1048 705 1100 ier
720 1041 862 1118 jucundus

350 1135 448 1192 Boaiae
467 1135 558 1194 noctis
578 1135 699 1211 delicias,

265 1226 338 1295 Quae
358 1227 512 1305 suspiratos
532 1250 548 1288 e
567 1231 640 1290 coelo
661 1230 741 1291 datas

265 1321 300 1378 ln
319 1322 401 1382 terris
419 1324 496 1400 paris
516 1326 644 1384 delicias!

264 1506 390 1565 Gravem
409 1508 552 1584 primaevae
573 1509 609 1568 ob
629 1509 741 1587 lapsum
762 1512 831 1570 Evae

264 1600 345 1659 Dum
361 1602 482 1679 jamjam
503 1604 625 1663 mundus
645 1605 788 1682 cmoritur,

264 1695 300 1753 In
320 1717 401 1756 corne
420 1719 509 1773 meus,
530 1705 563 1758 ut
584 1699 673 1773 vival,
693 1701 783 1774 Dece,

265 1791 313 1850 Sol
332 1793 409 1868 vitoe,
430 1793 538 1852 mundo
558 1793 709 1853 suboritur.

262 1976 411 2036 AEiernum
431 1977 551 2052 Lumen,
571 1978 741 2041 immensum
762 1983 878 2042 Numen

262 2070 426 2131 Pannorum
446 2073 566 2133 vinculis
587 2073 736 2154 stringitur
742 2101 751 2147 ;

262 2164 299 2224 In
318 2166 369 2224 vili
388 2167 479 2242 cauli,
499 2169 630 2228 exclusus
650 2171 724 2245 uulsi,

262 2259 327 2318 ch
347 2262 412 2321 coeli
432 2263 529 2322 bestiis
551 2263 682 2343 cingitur.

261 2445 296 2503 In
316 2447 396 2506 cunis
412 2446 497 2526 jacet,
519 2454 547 2508 ci
567 2449 659 2510 infans
678 2457 753 2512 iacet

260 2539 398 2615 Verbum,
420 2542 497 2620 quod
516 2543 644 2622 loquitur
665 2546 759 2606 omnin
769 2571 778 2618 ;

258 2632 307 2692 Sol
327 2637 427 2695 rnundi
446 2637 538 2716 frigoi,
559 2647 588 2698 ei
609 2639 726 2699 flamma
744 2641 835 2720 rigel:

260 2729 340 2799 Quid
360 2730 414 2790 sibi
434 2733 535 2792 volunt
554 2734 616 2794 haec
636 2737 752 2796 omnia?

187 3013 236 3062 xl.
267 3015 405 3079 [Wshuffi]
427 3021 523 3068 Corolia
548 3023 713 3085 Hymnorrrm,
740 3028 855 3088 Coloniae,
875 3033 940 3094 1306,
963 3050 987 3095 p.
1006 3038 1035 3097 8;

140 3089 240 3146 Daniel,
261 3091 331 3140 Ther.
343 3093 470 3152 Hymni,
486 3111 509 3142 v.
525 3099 548 3157 2,
563 3113 589 3158 p.
605 3100 751 3152 aas-This
768 3115 846 3167 pretty
865 3123 945 3170 poem,
963 3111 1000 3158 for
1018 3115 1037 3160 it

139 3172 227 3212 cannot
241 3165 313 3214 einim
328 3181 375 3229 any
390 3168 477 3230 higher
491 3171 551 3230 title,
567 3176 588 3219 is
603 3177 720 3238 certeinly
735 3181 763 3227 of
775 3195 806 3230 no
821 3197 878 3243 very
894 3185 958 3245 early
969 3188 1033 3244 date,

139 3255 185 3288 can
195 3241 298 3303 scarcely
309 3244 340 3291 be
349 3245 433 3293 earlier
442 3245 501 3292 than
511 3247 552 3294 the
562 3248 672 3299 fifteenth
684 3266 791 3317 century,
801 3259 849 3304 and
859 3259 915 3308 thus
926 3263 1036 3324 belongs,

137 3316 163 3362 ir*
176 3315 241 3363 Iam
250 3318 317 3378 right
330 3320 356 3366 in
367 3334 409 3380 my
419 3323 563 3383 conjecture,
576 3333 602 3373 to
617 3341 631 3372 a
645 3329 729 3388 period
740 3332 810 3380 when
820 3333 861 3381 the
874 3335 997 3384 founteins
1010 3339 1038 3384 of

137 3393 290 3455 inspirabo,
300 3405 325 3443 et
334 3396 397 3444 least
406 3397 435 3443 of
442 3398 494 3446 thet
504 3399 644 3460 inspiration
652 3405 730 3454 which
737 3407 782 3456 has
792 3410 865 3470 given
875 3427 904 3460 us
913 3413 954 3460 the
968 3425 1034 3473 great

137 3469 259 3518 medievel
269 3471 366 3532 hymns,
377 3486 438 3520 were
448 3487 503 3534 very
513 3475 596 3537 nearly
606 3479 746 3531 exhausted.
