2512 4016
222 235 286 316 174
492 251 583 294 sonu
601 250 643 292 os
661 249 698 292 sn
718 245 848 288 vrcnoa.

417 400 473 459 Die
491 395 733 477 quinquagesimi.

417 494 488 553 Post
507 492 650 552 dulcorem
669 489 802 548 melleum

418 589 505 648 Petra
525 586 600 646 indit
621 585 726 658 oleum,

418 684 504 743 Petra
519 684 582 761 jam
599 679 771 740 firmissima.

418 874 454 932 In
474 871 587 932 tabellis
606 869 707 942 saxeis,

420 969 488 1027 Non
508 966 539 1025 in
558 964 662 1043 linguis
682 962 771 1042 igneis

420 1063 482 1122 Lex
502 1062 537 1120 de
556 1067 653 1120 monte
672 1058 791 1136 populo:

421 1157 525 1217 Paucis
545 1154 636 1214 cordis
655 1152 768 1212 novitas

421 1252 462 1310 Et
481 1250 645 1326 linguarum
665 1246 760 1306 unitas

421 1345 517 1404 Detur
536 1344 566 1402 in
586 1341 739 1402 coeneculo.

422 1531 450 1589 Ο
472 1529 560 1609 qulam
580 1528 648 1588 felix
667 1527 753 1607 qudm
773 1528 888 1601 festiva·

424 1626 503 1697 Dies,
524 1624 554 1683 in
574 1627 631 1702 qui
651 1621 797 1701 primitiva

424 1720 575 1780 Fundetur
595 1717 728 1776 Ecclesia.

424 1815 509 1874 viva
529 1820 596 1874 sunt
616 1811 749 1890 primitioe

276 2186 369 2234 itt-12.
408 2183 507 2244 Daniel,
523 2184 576 2232 who
591 2183 697 2232 remarks
713 2183 776 2244 here,
795 2184 880 2231 Petrus
896 2184 1039 2245 Apostolus,
1055 2186 1126 2244 cujus

231 2277 318 2312 nomen
328 2262 368 2310 die
380 2262 531 2311 Pentecostes
540 2272 563 2310 et
572 2276 642 2309 omen
658 2263 770 2319 habebat,
782 2261 900 2308 confertur
915 2275 969 2308 eum
985 2261 1051 2323 petrd
1067 2263 1127 2310 mel-

230 2339 299 2386 liflus
314 2339 340 2384 in
355 2337 464 2397 descrt03
486 2337 530 2384 has
546 2336 647 2397 entirely
663 2335 752 2384 missed
768 2336 809 2382 the
823 2336 946 2395 meaning,
963 2335 1037 2396 doing
1052 2337 1126 2397 eqnal

233 2430 314 2476 wrong
324 2423 348 2462 to
359 2413 400 2462 the
409 2421 493 2474 poetry
507 2412 555 2461 end
567 2413 607 2460 the
617 2413 732 2474 theology
741 2412 770 2460 cf
778 2413 818 2460 the
829 2422 919 2461 stante.
951 2412 1006 2461 The
1015 2422 1073 2474 poet
1082 2414 1127 2460 has

233 2494 258 2539 in
273 2491 312 2538 liis
327 2504 371 2551 eye
385 2489 426 2536 the
438 2489 514 2536 words
524 2487 553 2536 of
566 2488 642 2536 Dent.
652 2489 732 2535 xxxii.
744 2489 780 2548 lo,
797 2489 814 2516 “
823 2488 863 2536 He
875 2489 947 2536 made
961 2489 1013 2534 him
1027 2498 1052 2536 to
1066 2488 1125 2537 suclr

232 2568 310 2627 honey
321 2574 364 2613 out
373 2564 402 2612 of
409 2564 450 2611 the
460 2563 525 2623 roclr,
535 2564 582 2610 and
595 2563 630 2611 oil
645 2573 688 2611 cut
701 2563 730 2610 cf
743 2564 783 2611 the
798 2564 868 2624 flinty
884 2565 970 2622 rock‚”
986 2581 1013 2612 ss
1029 2564 1080 2611 will
1095 2567 1125 2612 be

157 2673 158 2676 =
233 2645 321 2692 clecrer
336 2642 388 2690 still
403 2641 471 2688 when
481 2640 522 2688 the
533 2640 608 2687 words
619 2639 647 2687 ol‘
658 2641 699 2688 the
710 2639 818 2701 Vulgate
832 2656 871 2688 are
885 2641 989 2702 quoted:
1005 2642 1127 2690 Suxerunt

233 2722 282 2766 mel
297 2719 327 2766 de
342 2718 417 2778 petre,
429 2725 453 2763 et
466 2717 546 2765 oleum
561 2716 591 2764 de
601 2713 679 2776 firmd
694 2717 777 2776 petrae
794 2716 850 2763 with
867 2716 908 2764 the
924 2727 1086 2777 commentary
1101 2718 1130 2764 of

235 2798 343 2857 Gregory
359 2797 399 2844 the
419 2795 494 2842 Grect
513 2795 643 2856 thereupon
664 2795 754 2855 (Hom.
771 2794 810 2854 36,
825 2796 853 2841 s'u
874 2795 1002 2855 Eccoy.):
1023 2794 1078 2841 Mel
1097 2794 1127 2841 de

235 2873 300 2931 petri
311 2880 436 2927 suxerunt,
448 2871 490 2930 qui
502 2871 671 2931 Redemptcris
680 2869 755 2916 nostri
765 2868 829 2916 facta
839 2877 862 2916 et
876 2870 993 2917 miracula
1007 2870 1126 2916 viderunt.

235 2945 325 2994 Oleum
354 2947 408 2994 verd
436 2947 466 2993 dc
486 2947 555 2994 firma
577 2947 646 3008 petra
669 2953 797 3005 suxerunt3
826 2946 883 3005 quia
906 2945 1022 2993 effusione
1046 2947 1129 2994 Sancti

235 3020 340 3080 Spiritus
351 3031 404 3082 post
415 3025 609 3071 resurrectionem
622 3023 675 3080 ejus
690 3021 750 3081 ungi
760 3030 905 3068 meruerunt.
937 3022 1015 3080 Quasi
1031 3037 1087 3082 crgo
1103 3024 1127 3068 in

237 3097 307 3143 firmi
322 3098 390 3156 petri
407 3097 456 3144 mel
471 3098 547 3158 dedit,
562 3097 659 3159 quando
674 3096 753 3144 odhuc
767 3097 876 3144 mortalis
892 3096 1013 3145 Dominus
1028 3101 1130 3146 miracu·

234 3175 311 3221 lorum
327 3187 425 3220 suorum
440 3174 594 3222 dulcedinem
614 3173 742 3234 discipulis
762 3173 875 3222 ostendit.
905 3174 952 3222 Sed
973 3174 1042 3221 firma
1061 3185 1128 3235 petra

235 3250 316 3297 oleum
331 3248 412 3306 fudit3
428 3251 486 3310 quia
501 3258 556 3310 post
570 3249 766 3296 resurrectionem
782 3263 851 3296 suam
872 3249 950 3296 factus
967 3249 1018 3308 jam
1039 3252 1128 3311 impas-

236 3327 325 3387 sibilis,
338 3341 380 3387 per
390 3327 537 3374 afflationem
548 3325 651 3386 Spiritds
661 3325 751 3372 donum
767 3334 855 3374 sanctoe
866 3327 986 3374 unctionis
998 3329 1128 3376 emanavit.

238 3403 277 3451 Cl.
290 3402 366 3463 Hugh
376 3402 405 3449 oi
413 3401 441 3449 St
451 3401 544 3455 Victor,
554 3401 593 3446 De
606 3401 720 3446 claustro
732 3400 836 3458 Anime,
847 3401 865 3448 l.
876 3402 899 3456 3,
911 3416 930 3448 c.
941 3403 963 3450 8.
