2512 4016
219 283 281 346 166
557 301 757 347 uunnsnsn.

217 448 343 510 Dedunis
360 469 411 527 per
429 449 559 510 semitam
578 451 661 532 pacis,
675 458 703 510 et
723 449 839 526 laetitiae,

217 544 334 603 Inducis
352 545 406 604 sub
425 545 501 604 nubs
519 545 549 603 in
569 546 664 604 aulam
684 545 838 624 sapientiae.

217 637 447 698 Fundamentum
467 638 633 708 sanctitatis,
654 640 822 700 alimentum
842 637 990 713 castitatis,
1073 647 1111 698 20

218 733 424 792 Ornamentum
443 733 577 808 lenitatis,
598 735 782 794 lenimentum
802 732 988 811 paupertatis,

217 827 452 904 Supplementum
472 827 620 906 largitatis,
640 829 850 887 munimentum
869 826 1030 905 probitatis,

217 921 385 981 Miserorum
405 921 554 1001 refugium,
575 922 750 1000 captivorum
772 920 957 999 suffragium

217 1017 278 1076 Illis
298 1017 471 1096 aptissimus,
491 1016 553 1076 istis
572 1017 811 1095 promptissimus,

217 1112 341 1190 Spiritus
360 1113 496 1186 veritatis,
516 1111 607 1171 nodus
626 1111 820 1185 fraternitatis,
1071 1121 1109 1172 25

217 1209 266 1266 Ab
286 1208 384 1267 eodem
404 1207 507 1266 missus
527 1205 544 1264 a
565 1227 622 1285 quo
641 1214 671 1266 st
690 1207 857 1285 promissus,

217 1304 262 1363 Tu
282 1303 400 1362 credaris
422 1301 549 1361 omnium
572 1302 663 1379 judex
685 1301 736 1380 qui
758 1302 877 1362 crederis
899 1303 1109 1382 omniumtopi-

295 1399 356 1469 sex;

219 1493 382 1552 Honestans
401 1492 471 1550 bana
490 1489 604 1550 matites
623 1493 750 1569 praemio,

220 1588 365 1646 Onustans
384 1585 539 1645 immeritos
558 1585 708 1663 supplicio,

220 1681 316 1758 Spiras
333 1680 443 1739 ubivis
462 1687 490 1740 et
505 1680 619 1758 quando
636 1681 697 1752 vis3
719 1683 802 1743 doces
821 1703 892 1764 quos
911 1683 954 1743 vis
973 1693 1002 1744 et
1021 1704 1111 1762 quan-

298 1782 361 1834 tum
382 1775 442 1836 vis:
1071 1783 1110 1837 30

220 1871 327 1949 Impius
345 1877 374 1930 et
393 1869 509 1931 instruis
529 1877 619 1930 uentos
639 1871 669 1930 in
689 1872 793 1942 dubiis,

220 1965 331 2024 Firmas
350 1964 380 2022 in
400 1965 510 2040 subitis,
531 1965 604 2044 regis
623 1965 653 2025 in
673 1965 776 2028 licitis:

221 2061 265 2118 Tu
296 2059 364 2118 ordo
394 2060 526 2120 decorans
555 2059 659 2135 omnia,
684 2059 767 2122 decor
794 2061 925 2123 ordinans
954 2070 983 2123 et
1011 2085 1113 2124 ornans

298 2154 402 2229 omnia,

222 2249 317 2317 Dieta,
338 2251 422 2324 facta,
442 2249 576 2328 cogitata,

221 2345 308 2404 Dictn
328 2344 455 2412 veritate,
475 2345 550 2402 saeta
569 2344 725 2420 honestate,
745 2346 870 2424 cogitata
889 2347 1033 2424 puritate;
1073 2355 1111 2406 35

222 2448 339 2507 Donum
358 2448 475 2521 bonurn,
496 2446 611 2504 Bonum
631 2448 797 2523 perfectum,

222 2544 303 2602 Dans
322 2543 504 2615 intellectum,
526 2540 596 2599 dans
615 2549 644 2600 et
663 2543 807 2616 affeetum,

221 2638 354 2716 Dirigsns
372 2643 489 2709 rectum,
510 2637 634 2694 formans
648 2637 789 2710 affectum,
803 2638 920 2698 firmans
936 2646 1114 2717 proveetum,

223 2731 262 2790 Et
281 2732 318 2791 ad
337 2738 433 2809 portas
453 2728 581 2790 Paradisi
601 2749 737 2790 coronans
756 2731 899 2792 dilectum.
