2512 4016
472 294 598 340 LIGNUM
615 291 712 336 VITAE.

150 447 309 525 Perspicuis
328 446 424 505 illimis
443 445 534 524 equis,
554 450 585 503 et
600 441 728 520 gremino
747 437 852 498 circirm

152 541 322 601 Fundebent
342 541 421 600 laetos
442 539 519 598 vario
539 539 574 598 de
593 537 661 597 flore
680 537 792 596 colores.

117 697 119 700 ,
150 638 239 697 Hunc
258 638 362 696 circum
382 636 535 694 innumerae
553 639 650 713 gentes
669 632 824 712 populique
844 629 966 703 coibant,
1001 635 1038 686 30

151 731 248 804 Quem
269 733 341 792 varii
360 731 476 810 generis,
497 729 589 804 sextis,
611 730 713 805 aetetis,
732 727 854 801 honoris,

152 829 295 905 Innuptae,
315 834 468 906 nuptaeque
487 826 584 900 simul,
604 825 762 903 viduaeque,
782 841 935 900 nurusque,

151 924 286 998 Infantes,
307 923 451 1001 puerique,
472 922 535 996 viri,
552 921 736 999 juvenesque,
757 937 908 996 senesque:

150 1018 209 1077 Hie
229 1018 279 1076 ubi
297 1016 460 1096 multigenis
479 1017 567 1076 flexos
586 1017 746 1075 incumbere
765 1013 857 1093 pomis

151 1116 310 1175 Gemebant
330 1135 432 1189 ramos,
453 1113 544 1173 nvidis
564 1113 702 1191 attingere
722 1110 829 1170 dextris
1001 1113 1038 1165 35

151 1209 322 1268 Gaudebent
342 1209 470 1268 madidos
490 1208 597 1267 coelesti
617 1213 728 1266 nectere
746 1207 863 1264 fructus.

151 1303 212 1362 Nec
232 1304 310 1383 prius
328 1305 380 1364 hos
399 1312 530 1384 poterent
549 1303 658 1381 cupidis
678 1302 821 1378 decerpere
840 1299 952 1378 palmis,

151 1399 248 1471 Quem
268 1400 409 1460 lutulente
428 1401 482 1460 viae
501 1401 621 1479 vestigia
640 1400 717 1459 foede
736 1399 838 1477 prioris

150 1494 324 1563 Detererent,
345 1517 502 1575 corpusque
520 1496 569 1574 pio
589 1496 623 1554 de
643 1497 720 1555 fonte
738 1495 874 1554 levarent.

151 1589 228 1668 Ergo
247 1590 298 1648 diu
317 1589 423 1650 circirm
443 1591 599 1668 spatiantes
617 1590 743 1669 gremino
762 1589 851 1662 molli,

151 1683 315 1763 Suspiciunt
334 1686 393 1743 alte
412 1687 564 1764 pendentes
584 1687 681 1745 arbore
700 1687 817 1744 fructus.

151 1779 226 1838 Tum
245 1779 269 1838 si
288 1782 339 1860 qui
358 1803 394 1842 ex
413 1782 469 1840 illis
489 1782 603 1860 delapsu
622 1781 772 1859 putamina
791 1780 885 1853 1111111,

151 1875 191 1935 Et
212 1876 315 1952 dulces,
335 1877 427 1936 multo
447 1884 572 1936 rorantes
590 1883 710 1951 nectare,
729 1877 841 1935 frondes

151 1971 323 2040 Vescuntur,
345 1992 425 2030 veros
444 1978 581 2048 exoptent
601 1992 709 2032 sumere
729 1973 846 2030 fructus.

210 2158 287 2235 Ergo
307 2157 357 2216 ubi
377 2158 519 2217 coelestem
539 2167 672 2237 ceperunt
693 2179 741 2217 ore
760 2178 898 2236 saporem,

152 2252 321 2311 Permutent
340 2253 459 2326 animos,
479 2260 508 2312 et
527 2260 635 2313 mentes
654 2254 769 2332 perdere
788 2273 888 2310 averes

151 2348 305 2426 Incipiunt,
327 2349 458 2427 dulcique
477 2350 619 2410 hominem
639 2369 801 2428 cognoscere
820 2368 911 2406 sensu.

152 2443 303 2502 Insolitum
323 2445 422 2503 multis
442 2446 619 2504 stomachum
639 2444 759 2504 movisse
779 2463 907 2522 saporem

152 2537 296 2612 Vidimus,
316 2546 345 2598 et
364 2539 436 2598 fellis
456 2548 629 2600 commotum
648 2541 730 2600 melle
750 2559 889 2599 venenum

152 2631 291 2709 Rejecisse
310 2635 398 2693 bonos
418 2636 533 2694 turbetis
552 2643 645 2695 mente
665 2655 785 2713 sopores,

152 2729 215 2786 Aut
235 2729 319 2788 avide
339 2737 487 2807 sumptum
506 2751 563 2790 non
583 2731 721 2804 dilexisse,
742 2729 848 2808 diuque

152 2823 191 2882 Et
211 2825 285 2883 mele
304 2832 436 2903 potatum
455 2827 570 2884 tandem
590 2827 746 2885 evomuisse
765 2844 901 2903 saporem.

153 2918 232 2996 Saepe
252 2921 366 2999 quidem
386 2920 481 2993 multi,
501 2920 642 2978 renovatis
661 2920 812 2993 mentibus,
834 2938 922 2995 aegros

153 3014 311 3073 Restituere
331 3015 459 3082 animos3
490 3022 519 3073 et
539 3034 602 3092 quae
623 3035 652 3072 11
670 3035 752 3090 posse
770 3015 920 3093 negabant,

153 3108 340 3184 Pertulerant,
360 3111 542 3187 fructumque
561 3109 605 3167 sui
625 3129 720 3185 cepere
739 3110 851 3168 laboris.

153 3202 242 3261 Multi
262 3203 347 3262 etiem
368 3208 479 3261 sanctos
500 3203 561 3260 ausi
581 3203 739 3281 contingere
757 3204 857 3277 fontes,

153 3297 310 3357 Discessere
329 3299 432 3358 iterum
452 3295 555 3372 subitd,
576 3294 704 3375 retrdque
723 3298 825 3376 relapsi

154 3391 290 3451 Sordibus
310 3400 339 3452 et
359 3413 440 3452 coeno
459 3393 545 3454 mixti
566 3393 721 3452 volvuntur
740 3393 847 3452 eodem.
