2512 4016
382 265 425 310 an
442 261 598 307 satamon
616 255 775 302 sunctum
959 228 1023 297 179

217 574 373 635 XXXVI.
417 572 477 632 AD
504 565 707 629 SPIRITUM
735 561 945 624 SANCTUM.

482 767 682 777 ...n-...—

401 921 485 996 ENI,
507 921 607 980 Sancte
628 918 759 996 Spiritus,

421 1019 460 1078 Et
480 1018 578 1076 emitte
598 1017 711 1076 coelitus

337 1115 423 1173 Lucis
442 1121 499 1174 tuae
520 1113 639 1172 radium.

339 1307 423 1382 Veni,
444 1313 524 1384 pater
543 1324 711 1384 pauperum,

341 1403 425 1476 Veni,
446 1402 527 1461 dator
546 1421 705 1473 munerum,

342 1499 427 1572 Veni,
447 1499 543 1556 lumen
563 1495 706 1554 cordium:

344 1690 512 1751 Consolalor
531 1689 649 1766 optime,

343 1785 444 1845 Dulcis
463 1784 565 1860 hospes
585 1782 694 1856 animae,

345 1881 438 1939 Dulce
456 1878 645 1955 refrigerium:

198 2208 327 2257 XXXVI.
350 2208 750 2270 clichtoveua,clamitantem„
759 2209 845 2271 p.176;
858 2208 957 2269 Daniel,
971 2207 1042 2256 Thea.

156 2285 282 2346 Hymnol„
293 2301 315 2333 v.
327 2287 350 2341 2,
361 2299 386 2346 p.
398 2285 624 2333 tt-clichtoveus
635 2285 741 2332 exhibita
752 2300 766 2331 a
778 2285 830 2343 juat
842 2283 1004 2344 appreciation
1020 2284 1048 2331 ol

154 2362 204 2409 thia
218 2361 311 2420 hymn=
327 2360 414 2422 Neque
429 2362 488 2408 tatia
502 2361 553 2409 haec
568 2361 651 2420 oratio,
667 2361 721 2408 med
731 2360 827 2421 quidem
841 2358 968 2414 sententie,
979 2373 1045 2406 com-

155 2436 263 2484 mendari
277 2445 369 2498 potest3
386 2451 442 2484 nam
456 2437 523 2485 omni
538 2436 743 2484 commendatione
761 2437 866 2497 superior
884 2443 927 2496 est,
945 2444 997 2482 tum
1015 2437 1045 2482 ob

156 2514 242 2560 miram
253 2513 306 2570 ejus
317 2513 459 2560 tuavitatem
471 2527 526 2560 cum
541 2512 659 2560 facilitate
670 2512 827 2572 apertissima,
843 2521 895 2558 tum
908 2512 939 2558 ob
953 2518 1046 2572 gratam

157 2589 210 2648 ejus
220 2589 362 2636 brevitatem
373 2603 427 2636 cum
438 2590 545 2636 ubertate
556 2597 579 2636 et
590 2589 659 2650 copia
669 2589 848 2644 sententiarum,
859 2596 887 2634 ut
897 2603 1047 2649 unaquaque

158 2663 207 2712 fere
225 2665 334 2712 clausula
348 2664 484 2725 rhythmica
499 2679 572 2712 unam
588 2664 758 2726 complectatur
773 2665 924 2724 sententiam,
940 2672 990 2710 tum
1007 2663 1049 2712 de.

158 2741 232 2800 nique
247 2742 278 2788 ob
295 2740 436 2788 concinnam
452 2741 504 2799 ejus
521 2741 546 2787 in
563 2749 676 2788 contextu
697 2749 856 2799 venustatem,
875 2741 923 2800 qud
938 2743 1049 2802 opposita

159 2818 222 2864 inter
236 2831 261 2864 se
276 2817 401 2877 aptissimo
416 2831 480 2864 nexu
496 2827 619 2878 compacta
634 2825 771 2865 comuntur.
803 2817 998 2878 Crediderimque
1014 2818 1051 2866 la·

160 2894 206 2941 cile
226 2902 344 2940 auctorem
360 2893 449 2954 ipsum,
470 2893 594 2953 (quiaquia
614 2893 636 2939 in
655 2892 750 2952 fuerit)
771 2893 826 2940 cium
847 2893 909 2941 hanc
929 2896 1052 2941 contexuit

160 2971 300 3028 orationem,
309 2970 398 3018 coeleati
409 2969 512 3030 quedam
523 2969 650 3016 dulcedine
660 2967 735 3016 fuisse
745 2969 869 3030 perfusum
877 2971 987 3029 interius,
995 2972 1051 3031 qud,

163 3046 254 3106 Spiritu
270 3046 358 3093 Sancto
375 3055 478 3100 auctore,
500 3051 590 3090 tantam
611 3045 727 3090 eructavit
747 3045 825 3092 verbis
846 3045 905 3093 adeo
924 3047 1051 3094 succinctis

163 3122 313 3168 suavitatem.
339 3121 410 3168 Some
421 3120 480 3167 later
491 3120 579 3166 writers
589 3118 649 3166 have
660 3120 789 3167 attributed
800 3121 849 3169 thia
858 3121 943 3182 hymn,
954 3122 1010 3180 and,
1022 3136 1052 3169 on

163 3197 268 3257 grounds
279 3212 305 3244 aa
316 3196 400 3258 slight,
412 3197 453 3243 the
464 3195 550 3244 Stabat
560 3196 656 3252 Mater,
667 3204 691 3243 to
703 3196 770 3257 Pope
782 3195 898 3245 Innocent
909 3198 949 3245 the
960 3197 1053 3257 Third3

165 3288 192 3320 ao
202 3273 242 3320 the
251 3273 401 3334 Biayaaphie
413 3272 576 3320 Univereelle:
589 3273 633 3318 but
643 3270 709 3318 there
719 3273 793 3320 exista
801 3287 833 3321 no
843 3273 960 3321 sufficient
971 3288 1053 3322 reaten

165 3349 202 3397 for
218 3348 308 3410 calling
318 3350 343 3395 in
354 3349 462 3409 question
479 3348 519 3396 the
533 3347 674 3396 attribution
690 3347 769 3395 which
784 3349 903 3396 hasbeen
918 3349 1054 3410 commonly

168 3427 240 3474 made
250 3427 278 3474 cf
286 3427 314 3482 it,
323 3435 347 3474 to
358 3426 419 3487 king
430 3427 529 3475 Rcbert.
543 3427 696 3486 (Durandua
710 3427 850 3487 Rationale,
860 3426 878 3475 1.
890 3429 913 3485 4,
924 3441 944 3474 c.
956 3426 1008 3487 22.)

883 3506 975 3564 12-e
