2486 4006
238 251 302 314 284
607 270 754 317 masor).

237 421 316 481 A'e'ra
335 419 511 498 distinguens
530 419 653 479 tenebris
672 427 701 480 et
720 420 784 479 luee
803 425 943 498 sequente
1103 427 1136 477 15

237 515 306 593 Ipsa
325 534 426 593 parens
445 514 531 574 lellus
550 535 615 593 quae
634 534 752 593 corpora
770 520 868 573 nostra
886 519 1025 592 meeptat,

236 610 337 669 Servat
355 609 386 667 in
405 608 552 668 arboribus
571 608 641 668 vitm
659 609 816 688 mortisque
834 609 965 688 figuram,

236 705 277 765 Et
297 704 418 764 similem
437 705 556 764 formam
576 705 711 765 redivivis
731 711 826 765 servat
845 706 876 764 in
895 703 998 763 herbis.

237 801 370 860 Nudatos
389 799 463 860 loliis
482 799 606 860 brumali
624 807 751 879 tempore
770 821 873 867 ramos,

237 895 278 955 Et
296 894 377 955 veleb
396 903 506 956 arentes
524 894 625 954 mortis
644 895 699 955 sub
718 895 841 974 imagine
859 905 973 954 truncos
1102 906 1140 958 ‘20

237 991 271 1050 In
292 990 436 1068 propriam
457 989 578 1069 speeiem
597 989 729 1048 frondosa
748 989 896 1049 resuscitat
915 995 998 1050 aedas
1006 1013 1017 1061 ς

236 1086 367 1164 Quaque
386 1085 506 1164 peremit
524 1085 625 1162 hyems
644 1103 718 1143 nova
737 1082 865 1162 gramine
885 1104 948 1143 vere
967 1095 1136 1166 resurgunt,

237 1179 281 1238 Ut
301 1198 371 1239 suus
390 1177 508 1256 incipiat
527 1177 608 1237 labor
626 1177 747 1237 arridere
767 1178 880 1238 colonie.

237 1275 300 1336 Nos
320 1295 433 1354 quoque
452 1294 516 1352 spes
535 1275 634 1334 eadem
653 1281 748 1334 menet
768 1279 797 1333 et
817 1277 955 1355 reparatio
975 1277 1059 1353 vitae,

237 1372 304 1442 Qus
323 1370 473 1430 revirescat
492 1368 578 1444 idem,
598 1369 648 1429 sed
667 1390 724 1429 noa
744 1370 893 1431 resolubile
912 1392 1025 1450 eorpus.
1101 1383 1138 1433 25

238 1464 287 1523 An
306 1465 380 1548 mihi
397 1463 532 1541 subjectis
551 1463 620 1524 dala
639 1463 676 1524 sib
695 1465 840 1524 renovatio
860 1467 953 1542 rebus,

236 1561 326 1620 Totus
346 1567 375 1619 et
394 1561 467 1619 hene
487 1559 607 1638 speeiem
628 1561 747 1620 referens
766 1560 838 1620 mihi
858 1561 962 1622 serviat
982 1563 1073 1633 orbis,

237 1655 287 1714 Me
306 1654 399 1714 solum
418 1653 524 1714 interea
543 1661 654 1734 premat
674 1654 853 1734 irreparabile
872 1656 1034 1717 damnum?

236 1749 276 1809 Er
296 1749 366 1828 quid
385 1747 439 1810 erit
458 1769 549 1810 eausae
568 1749 680 1809 modieo
699 1771 750 1810 eur
768 1756 895 1830 tempore
915 1751 1024 1827 vivens,

237 1843 356 1922 Optime
375 1863 441 1922 pars
460 1843 570 1912 mundi,
591 1843 715 1922 vileque
735 1843 852 1905 Datoris
871 1846 975 1925 imago,
1103 1859 1140 1910 30

234 1941 305 2002 Post
323 1941 468 2000 modicum
488 1961 610 2020 peream,
631 1941 744 2001 sublati
764 1961 814 2020 spe
833 1943 977 2018 redeundi,

236 2038 281 2095 Ar
299 2057 351 2114 pro
370 2055 417 2094 me
435 2037 527 2095 faetus
548 2036 630 2096 duret
650 2056 701 2114 per
719 2037 822 2096 saeeula
840 2038 986 2098 mundusl

236 2131 339 2190 Nonne
359 2137 444 2208 pules
464 2130 583 2209 dignum
603 2130 695 2210 magis
714 2131 844 2191 inferiora
863 2134 953 2212 perire

236 2225 467 2305 Irreparabiliter‚
488 2228 575 2304 quam
596 2245 659 2304 qua
679 2226 791 2305 potiora
809 2228 987 2305 probantur?

236 2321 291 2382 Sed
311 2329 407 2382 lamen
425 2321 474 2380 illa
492 2325 617 2395 manent,
637 2339 704 2399 ergo
723 2321 815 2400 magis
834 2321 889 2382 iste
908 2323 1081 2386 manebunt.
1104 2337 1140 2390 35
