2512 4016
416 287 459 330 nn
477 287 606 330 srrnrnn
622 287 757 332 smero.
965 270 1028 334 159

330 434 392 492 Neo
410 453 534 493 amorem
554 435 694 508 nutriunt,

330 530 424 599 Quem
443 529 545 588 effudit
564 529 669 589 unctio.

327 714 373 772 Sic
393 714 423 771 in
443 714 511 774 Sine
530 715 577 773 lex
596 714 694 774 divina

326 809 394 868 Reie
413 816 456 868 est
475 809 619 887 imposita,

326 904 388 962 Lex
406 905 516 964 timoris
536 925 593 964 non
613 905 716 965 amoris

325 998 451 1058 Puniens
470 999 578 1058 illicita.

324 1184 396 1244 Eone
415 1192 510 1263 potres
529 1185 669 1263 preelecti

323 1278 375 1336 Dii
394 1287 516 1338 recentes
536 1287 603 1340 suni
623 1281 724 1356 effecti,

324 1373 425 1452 Oulpae
445 1375 560 1435 solvunt
580 1377 710 1436 vincula:

322 1467 432 1528 Plunnt
451 1470 546 1543 verbo,
566 1477 668 1530 tonent
687 1471 780 1545 minis,

170 1726 208 1772 32.
236 1725 464 1787 Fluunt-tonant]
480 1727 621 1788 Angustine
631 1729 739 1790 (Eoorr.
749 1727 778 1774 in
793 1729 837 1775 Po.
848 1728 964 1774 lxxxviii.
977 1732 1020 1790 ης

127 1803 298 1850 Praedieetores
307 1805 384 1851 nubes
395 1819 446 1852 esre
456 1804 533 1852 dictas
543 1819 573 1851 ex
589 1803 634 1851 illi
648 1804 777 1865 prophetii
791 1804 960 1865 intelligimus,
975 1807 1019 1852 nbi

126 1879 195 1927 Deus
212 1881 286 1927 iratus
304 1881 379 1927 vineae
395 1895 443 1928 suae
458 1881 525 1939 dicit,
540 1880 667 1929 Mandnbo
683 1881 792 1928 nubibus
809 1882 870 1928 mein
888 1897 917 1929 ne
933 1883 1019 1943 pluant

124 1969 196 2016 super
206 1969 258 2002 eam
269 1957 380 2014 imbrem,
394 1956 452 2004 Irni.
463 1972 487 2003 v.
498 1958 529 2005 6:
544 1957 621 2004 which
633 1957 709 2004 words
724 1957 864 2017 Augustino
879 1957 954 2005 found
970 1959 1019 2006 ful-

123 2032 191 2080 filled
199 2032 268 2080 when
276 2033 317 2081 the
324 2035 499 2096 apostlesnaid,
511 2039 528 2061 “
536 2034 582 2094 110,
593 2049 629 2083 we
638 2043 693 2082 tum
704 2043 728 2084 to
739 2035 780 2083 the
788 2035 926 2084 Gentiles.”
942 2039 954 2097 <
957 2039 1019 2085 Acts

122 2111 180 2156 xiii.
189 2111 241 2168 46.)
269 2111 309 2158 cf.
323 2111 431 2172 Gregory
442 2111 483 2159 the
499 2111 582 2170 (irent,
595 2111 698 2173 Morol„
708 2111 727 2160 l.
738 2113 776 2171 27,
787 2127 808 2160 c.
819 2114 855 2159 24.
886 2113 946 2160 And
961 2115 1017 2161 thus

121 2187 148 2231 in
163 2185 262 2233 another
276 2186 352 2246 hymn
367 2202 398 2235 on
409 2188 436 2236 St
448 2187 519 2236 Peter
528 2189 576 2236 and
587 2187 615 2236 St
626 2187 698 2246 Paul,
709 2188 791 2236 Adam
801 2186 830 2234 ot'
838 2188 866 2235 St
879 2187 963 2236 Vietor
974 2190 1017 2238 has

123 2263 190 2310 these
200 2262 273 2310 noble
283 2272 377 2312 stannes
388 2281 395 2310 z

395 2356 424 2394 Hi
435 2359 484 2394 sunt
496 2357 560 2395 nuber
571 2360 706 2404 conmeantes,

394 2419 476 2458 Terram
487 2419 552 2458 cordis
565 2419 671 2468 irrigantes

393 2479 456 2522 Nune
467 2493 518 2530 rore,
531 2491 587 2522 nune
598 2483 681 2532 pluvit:

394 2543 423 2582 ffl
434 2555 538 2594 precones
549 2554 609 2583 novoe
619 2545 674 2594 legin,

395 2608 422 2646 Et
432 2607 526 2647 ductores
536 2609 586 2648 novi
597 2609 662 2657 gregir

394 2671 428 2708 Ad
440 2671 514 2710 Christi
524 2673 627 2721 prerepto„

393 2765 435 2814 Ipsi
446 2770 527 2806 monte·
538 2767 673 2816 appellantur,

393 2828 436 2876 Ipoi
447 2829 503 2877 prins
516 2829 644 2869 inmemor

393 2889 444 2929 Veri
455 2890 507 2929 Solis
519 2891 603 2930 lumine.

391 2949 444 2990 Mira
456 2955 519 2992 virtus
531 2957 561 2992 est
572 2964 651 2999 eorum,

390 3013 523 3055 Firmamenti
537 3015 569 3054 vel
580 3017 680 3055 coelorum

391 3077 528 3128 Deeignentur
537 3081 628 3119 nomine.

161 3171 211 3220 We
222 3187 277 3233 moy
290 3187 399 3235 compare
411 3174 543 3222 Damianiz

391 3266 461 3314 Paule,
473 3267 545 3306 doctor
555 3267 639 3316 egregie,

391 3330 449 3368 Tube
460 3330 556 3379 clangens
567 3331 668 3377 Eeoleeiae,

390 3391 460 3431 Nubes
471 3393 577 3432 volenter
588 3394 688 3433 tonitrum

389 3454 428 3493 Per
438 3455 532 3505 emplum
544 3456 617 3496 mundi
629 3458 737 3504 circulum
