2512 4016
218 277 282 342 168
478 297 520 342 ne
538 295 593 342 ule
611 295 850 343 rnureoosros.

409 444 454 503 Tu
474 445 527 506 rite
545 443 716 525 promissum
736 446 841 522 Petris,

409 542 541 603 Sermone
560 545 654 604 ditans
673 551 799 622 gutture.

410 729 541 788 Aooende
561 731 656 789 lumen
676 731 811 804 sensibus,

412 823 534 883 Infunde
553 843 675 883 amorem
697 826 837 901 cordibus,

412 918 532 977 Infirma
550 920 639 978 nostri
659 920 783 998 corporis

412 1013 530 1072 Virtute
548 1014 664 1073 firmans
684 1016 802 1093 perpeti.

412 1200 533 1259 Hostem
554 1200 670 1278 repellas
690 1200 810 1280 longius,

412 1294 571 1372 Peoemque
591 1295 677 1355 donee
695 1297 835 1375 protinus,

412 1390 539 1449 Ductore
558 1391 598 1450 sio
618 1398 647 1450 te
666 1392 773 1471 praevio

413 1487 547 1548 Vitemus
567 1509 650 1548 omne
669 1488 797 1548 noxium.

416 1672 464 1731 Du
482 1673 649 1751 gaudiorum
670 1673 796 1751 praemie,

415 1766 463 1826 De
482 1769 638 1847 gratiarum
657 1788 784 1842 munere,

223 2084 249 2130 Si
263 2084 288 2130 in
299 2085 372 2145 dipito
383 2088 433 2135 Dei
447 2087 517 2146 ejicio
528 2089 654 2147 demonia,
665 2089 723 2135 with
735 2087 810 2136 Mart.
821 2088 866 2137 xii.
877 2088 915 2146 28,
932 2087 957 2134 Si
973 2096 1054 2135 eutem
1069 2089 1123 2149 ego

222 2159 247 2204 in
257 2161 355 2221 Spiritu
364 2164 413 2210 Dei
424 2165 494 2222 ejicio
503 2165 630 2222 daemonie,
641 2166 718 2212 where
731 2165 853 2225 evidently
864 2165 904 2212 the
919 2165 1010 2225 digitus
1025 2164 1073 2212 Dei
1086 2166 1114 2212 of

226 2232 296 2283 lsuke
306 2237 327 2284 is
337 2240 475 2298 equivalent
485 2249 509 2288 to
520 2241 560 2288 the
577 2241 684 2302 Spiritus
698 2241 746 2288 Dei
758 2241 787 2288 of
799 2240 925 2288 Matthew.
958 2240 997 2289 of.
1012 2242 1114 2301 Augus-

223 2319 279 2378 tine,
292 2317 385 2365 Euorr.
395 2319 424 2364 ΖΜ
433 2319 460 2364 iu
468 2320 512 2365 Pe.
522 2332 560 2364 xo.
571 2317 613 2373 113
630 2317 683 2364 who
692 2317 744 2365 eleo
754 2317 881 2366 elsewhere
890 2317 989 2366 uuiolds
999 2333 1014 2365 e
1024 2318 1115 2366 further

224 2392 305 2440 litneee
320 2392 346 2438 in
358 2392 406 2439 thie
416 2392 579 2453 eppessetion=
594 2392 661 2450 Quin
670 2407 712 2454 per
723 2392 839 2453 Spiritum
854 2394 878 2442 S.
889 2394 952 2440 done
965 2394 1013 2441 Dei
1028 2395 1117 2442 sanetis

223 2467 371 2524 dividuntur,
380 2471 407 2515 ut
414 2469 468 2515 edm
477 2466 570 2514 diverse
579 2468 680 2528 possint,
689 2482 737 2515 nou
744 2477 823 2515 temen
834 2469 958 2517 discedent
967 2471 982 2516 d
991 2471 1117 2517 concordii

225 2547 338 2604 caritatis,
353 2546 378 2592 in
393 2545 476 2606 digitis
492 2553 572 2592 autem
589 2546 695 2593 maximi
716 2556 814 2608 eppsret
832 2547 942 2607 quedem
959 2546 1055 2602 divisio,
1073 2561 1117 2594 nee

225 2633 304 2674 temen
322 2626 353 2673 sb
371 2625 462 2672 unitate
475 2623 592 2684 precium,
609 2633 732 2684 propterea
753 2626 858 2686 Spiritus
879 2626 902 2673 S.
921 2624 1057 2686 appellatus
1078 2633 1114 2672 est

224 2698 315 2760 digitus
326 2700 382 2748 Dei.
414 2699 473 2748 And
488 2701 569 2759 egeto,
585 2701 680 2748 snam.
694 2701 722 2747 iu
737 2703 782 2751 Pe.
794 2701 870 2748 cxliii.
884 2699 913 2748 l:
936 2700 965 2747 Iu
977 2701 1061 2761 digitis
1072 2716 1115 2762 eg·

225 2778 346 2826 noscimus
355 2777 500 2824 divisionem
511 2778 663 2838 operationis,
675 2787 788 2826 ettamen
798 2777 903 2826 redicem
913 2779 1023 2826 unitatis.
1045 2779 1116 2826 Elee-

225 2852 303 2900 where
313 2854 343 2902 he
353 2854 397 2902 hee
408 2854 506 2902 another
516 2855 670 2916 explanation
681 2855 709 2903 of
716 2855 757 2903 the
766 2871 837 2904 neme
849 2859 859 2916 (
864 2858 903 2903 De
916 2857 967 2904 Cio.
979 2856 1038 2916 Dei,
1049 2855 1066 2902 l.
1080 2855 1117 2915 16,

226 2942 247 2974 c.
257 2928 314 2986 til:
330 2929 435 2989 Spiritus
450 2928 476 2978 S.
487 2929 566 2978 dietus
581 2940 617 2978 est
632 2933 657 2978 in
673 2930 809 2990 Evangelio
825 2931 916 2991 digitus
932 2926 990 2988 Dei,
1002 2942 1028 2978 ut
1041 2946 1117 2978 reeor-

226 3005 346 3052 dationem
356 3015 460 3054 nostrum
475 3008 500 3054 in
516 3009 587 3069 primi
603 3007 748 3069 praeligureti
764 3007 823 3054 lecti
837 3009 976 3055 memoriam
992 3016 1119 3066 revocaret,

227 3081 284 3140 quie
299 3089 322 3128 et
336 3081 399 3141 legis
414 3081 464 3130 illue
479 3083 568 3130 tebulae
584 3084 662 3144 digito
679 3082 727 3130 Dei
744 3084 837 3144 seriptoe
851 3083 992 3132 referuntur.
1020 3083 1119 3130 Jerome

227 3156 323 3216 gethers
333 3156 395 3204 from
403 3147 451 3204 this
462 3159 514 3205 title
529 3172 560 3204 en
576 3159 712 3205 intimation
728 3157 756 3204 ot'
768 3158 809 3204 the
819 3157 976 3218 dpoouoln⁰ol
989 3159 1029 3206 the
1042 3159 1118 3220 Spirit

229 3232 285 3280 with
304 3232 344 3280 the
356 3232 444 3280 Fether
453 3233 500 3280 eud
511 3232 551 3280 the
565 3233 614 3280 Son
625 3234 673 3294 (Io
684 3234 761 3282 Mati.
771 3232 845 3294 xiil:
873 3233 899 3280 Si
910 3233 986 3292 igitur
999 3247 1084 3282 munus
1096 3245 1120 3283 et

228 3309 353 3358 bruchium
371 3309 419 3356 Dei
432 3309 511 3356 Filius
526 3317 570 3367 est,
587 3319 610 3356 et
624 3308 716 3369 digitus
731 3309 783 3366 ejus
798 3309 902 3368 Spiritus
918 3310 1027 3371 Sensuro,
1041 3311 1121 3358 Petris

230 3398 253 3436 et
269 3388 328 3436 Filii
342 3395 366 3435 et
377 3386 480 3447 Spiritus
491 3386 573 3432 Seneti
583 3400 632 3431 une
642 3388 777 3433 substantia
787 3395 830 3434 est.
862 3386 969 3446 Gregory
979 3387 1008 3434 of
1016 3387 1121 3435 Nerien-

230 3483 283 3517 rum
294 3468 370 3516 draus
379 3466 420 3514 the
430 3478 495 3513 seme
505 3462 652 3509 conclusion.
