2486 4006
275 227 317 268 DE
337 227 459 270 obortis
477 227 520 268 ET
537 225 668 269 GAUDiiS
686 225 843 270 PARADlSI.
940 207 1004 268 301

157 394 213 442 The
230 393 356 454 following
370 407 473 454 passage
490 392 551 439 irom
568 391 646 452 Hugh
661 390 688 438 oi
702 393 730 439 St
745 391 827 440 Victor
842 393 895 453 (Dc
912 392 1006 440 Clausi.

111 469 216 529 Anime,
230 484 250 517 c.
262 469 302 529 36)
316 469 367 515 will
380 468 452 516 melre
467 467 615 528 intelligible
629 467 670 515 the
684 467 748 515 third
762 468 810 515 and
820 467 900 514 fourth
911 467 973 516 lines
982 469 1012 516 of

111 543 153 590 the
169 545 311 604 quotation}
333 544 373 592 De
394 543 440 592 hoc
460 552 549 591 secreto
567 543 644 590 cordis
662 542 754 591 dictum
776 552 829 590 est:
850 543 951 590 Factum
973 553 1009 592 est

111 619 235 667 silentium
254 621 279 666 in
296 620 355 667 coelo
371 620 442 681 quasi
457 619 538 666 media
556 619 621 667 hora.
656 619 750 666 Coelum
769 620 859 681 quippe
876 629 912 667 est
928 621 1009 668 anima

108 695 257 756 justi....Sed
269 696 328 755 quia
337 695 383 742 hoc
393 696 516 742 silentium
525 695 733 756 contemplationis
745 703 768 742 et
777 695 829 743 haec
843 697 911 756 quies
921 697 1008 744 mentis

110 773 137 818 in
155 771 201 819 hic
222 772 272 819 viti
291 785 339 818 non
360 779 439 832 potest
459 785 510 818 esse
530 769 644 832 perfecta,
664 783 817 831 nequaquam
837 770 896 818 hora
915 771 1009 833 integra

111 848 203 899 sactum
216 849 242 895 in
256 849 315 896 coelo
330 848 419 896 dicitur
434 847 566 904 silentium,
580 847 623 896 sed
637 849 707 908 quasi
718 847 799 895 media
807 866 814 907 ;
830 857 857 896 ut
870 861 914 896 nec
928 849 1009 896 media

111 923 183 984 plene
201 923 325 983 sentiatur,
342 923 398 971 clun
412 922 566 983 promittitur
581 922 667 982 quasi:
685 923 743 982 quia
758 936 815 969 mox
830 932 857 969 ut
872 937 898 971 se
912 924 1007 971 animus

112 997 238 1045 sublevare
256 998 361 1059 coeperit,
379 1005 404 1044 ct
422 997 510 1057 quietis
530 997 623 1042 intimae
641 996 734 1043 lumine
754 996 874 1056 perfundi,
894 997 1009 1047 redeunte

112 1081 181 1122 motu
192 1074 365 1134 cogitationum
375 1073 531 1121 confunditur
541 1081 565 1120 et
575 1071 689 1120 confusus
700 1080 808 1120 cecatur.

160 1181 210 1230 Nor
218 1197 258 1230 ara
269 1181 336 1229 these
346 1182 408 1229 lines
418 1181 446 1229 of
453 1181 550 1229 Alanus
561 1180 661 1228 without
672 1181 757 1228 merit:

298 1282 339 1321 liic
350 1281 402 1320 risus
413 1283 458 1321 sine
469 1281 558 1329 tristitia,
571 1282 614 1322 sine
626 1283 683 1321 nube
693 1292 794 1328 menum,

297 1343 381 1383 Delioire
392 1345 437 1383 aine
447 1345 537 1390 deiectu,
550 1345 594 1384 sine
605 1345 648 1384 fine
659 1345 760 1394 voluptas,

297 1408 340 1447 Pas
353 1417 425 1456 expers
437 1408 486 1454 odii,
499 1409 577 1457 requies
589 1408 659 1456 ignara
670 1408 752 1456 laboris,

298 1470 345 1509 Lus
356 1480 436 1518 semper
446 1470 540 1516 rutilans,
552 1469 582 1508 soi
595 1470 636 1509 veri
651 1470 741 1516 luminis,
755 1476 813 1510 ortus

298 1528 384 1568 Nescius
394 1531 484 1574 occasus,
499 1533 580 1577 gratum
592 1529 636 1568 sine
647 1540 730 1578 vespere
740 1540 811 1570 mane:

298 1591 339 1630 Hie
350 1592 445 1640 splendor
456 1595 545 1638 noctem,
558 1591 618 1630 sanes
629 1592 710 1631 fastidia
719 1594 790 1640 nestit,

298 1655 378 1694 Gaudia
389 1656 450 1704 plens
462 1656 536 1704 vigent,
549 1655 609 1695 nullo
619 1666 708 1704 sospena
719 1656 794 1697 dolore

298 1718 347 1757 Non
359 1719 394 1756 bie
404 1719 502 1767 ambiguo
513 1718 603 1767 graditur
615 1718 707 1758 Fortuna
718 1724 794 1767 meatu,

298 1780 347 1820 Nou
357 1781 422 1819 risum
433 1780 534 1829 lacrymis,
546 1781 635 1820 adversis
646 1792 746 1832 prospers,
759 1783 806 1822 ieta

297 1845 396 1884 Tristibus
409 1845 507 1892 infirmat,
519 1856 562 1885 nou
573 1846 615 1886 mel
627 1847 741 1896 corrumpit
752 1853 817 1894 aceto,

298 1910 375 1954 Aspera
386 1907 521 1947 commiscens
532 1907 619 1954 blandis,
631 1909 739 1948 tenebrosa
749 1911 829 1958 serenis,

299 1972 426 2010 muuecoens
436 1971 478 2009 luci
490 1972 589 2018 tenebras,
602 1971 685 2011 funeste
693 1973 779 2020 iocosist

298 2033 337 2072 Sed
348 2033 426 2080 requies
438 2033 548 2082 tranquilla
559 2039 635 2080 manet,
647 2045 710 2083 quam
722 2035 764 2075 tina
775 2041 878 2077 muntem

299 2098 397 2140 uonunae
409 2097 499 2138 casluin
510 2098 583 2138 nubile
594 2103 672 2140 venete
683 2102 755 2147 nescit.
