2516 4012
273 287 315 331 m>
333 283 499 330 cemsmm
516 287 538 330 e
555 285 659 330 ccccc
677 285 888 330 PRNDENTEM.
957 267 1018 331 121

290 435 417 494 Tucrum
436 455 543 495 memor
562 435 719 494 vulnerum.
985 441 1019 492 15

289 530 393 590 Grates
412 535 499 590 tentae
518 530 631 590 caritati

290 624 351 683 Noe
370 644 488 703 agemus
507 623 666 685 vulnerati:

288 719 315 778 0
335 725 445 780 ametor
463 725 650 797 peccatorum,

204 886 206 891 Ι
287 813 445 891 Reparator
463 815 676 888 confractorum,

287 909 313 969 Ο
333 909 424 969 dulcis
442 915 523 988 pater
542 915 717 988 pauperum!

286 1102 436 1181 Quidquid
455 1107 497 1162 est
516 1101 545 1160 in
564 1121 610 1160 me
629 1102 810 1175 confractum,

284 1197 464 1275 Dissipetum
484 1203 535 1256 aut
555 1195 731 1270 dietmctum,

283 1290 386 1352 Dulcis
404 1292 483 1362 decu,
504 1299 598 1353 totum
619 1310 696 1363 sane,

284 1388 330 1446 Tu
349 1393 483 1462 restaura,
503 1394 538 1447 tu
557 1387 713 1465 complent,

282 1483 355 1542 Tam
374 1482 422 1560 pic
441 1482 625 1542 medicamine

284 1578 324 1637 Te
344 1575 446 1637 in‘tud
465 1597 545 1637 cruce
565 1596 670 1655 quaerc,

281 1671 371 1732 Prout
390 1691 472 1750 queo,
493 1672 575 1731 corde
593 1690 669 1730 mero
678 1692 688 1741 3

282 1768 333 1828 Me
351 1768 464 1828 eenebis
482 1769 538 1840 hic,
559 1775 592 1826 ut
612 1787 702 1844 spero,

280 1871 356 1930 Sena
374 1891 429 1946 me,
448 1877 477 1930 et
496 1869 591 1930 salvus
610 1887 666 1944 ero,

281 1966 316 2026 In
335 1975 386 2028 tuo
405 1968 503 2027 levans
523 1965 665 2044 sanguine.

279 2153 383 2233 Plagae
401 2161 467 2214 tuce
486 2154 667 2230 rubicundae,

279 2251 319 2312 Et
337 2253 444 2312 fixurae
463 2259 524 2313 tem
543 2253 706 2331 profundas,

279 2346 365 2406 Cordi
384 2368 447 2408 meo
466 2350 510 2407 fac
530 2347 652 2422 inscribi,

278 2441 323 2502 Ut
342 2444 466 2522 configar
485 2450 564 2505 totus
582 2444 646 2519 tibi,

277 2536 317 2597 Te
335 2539 427 2600 medie
446 2559 544 2600 amens
563 2539 701 2600 omnibus.

277 2631 378 2694 Dulcis
396 2633 475 2709 lesu,
496 2635 542 2713 pie
562 2635 651 2709 Deus,

277 2725 327 2784 Ad
347 2726 493 2801 teclam,
514 2728 579 2788 licet
599 2749 671 2797 reus,

276 2817 375 2878 Praebe
393 2819 465 2877 mihi
483 2827 512 2880 te
531 2821 694 2898 benignum,

276 2911 322 2971 Ne
340 2913 457 2991 repellas
476 2933 522 2974 me
539 2914 688 2991 indignum

275 3007 321 3066 De
339 3007 398 3067 tuis
416 3010 519 3068 sanctie
539 3008 666 3088 pedibus.

274 3190 379 3252 Ocram
399 3213 479 3253 cruce
498 3193 737 3271 procumbentem,

273 3285 392 3366 Hocque
410 3289 495 3366 pedes
514 3288 753 3367 complectentem,

273 3379 343 3440 Jesu
362 3382 443 3457 bone,
463 3402 520 3442 non
538 3401 584 3441 me
603 3402 725 3460 spernes,

273 3474 328 3534 Sed
347 3475 382 3536 de
400 3497 481 3537 cmce
500 3479 596 3537 sancti
616 3497 711 3538 cernes
