2516 4012
346 301 389 345 us
407 301 566 344 munusue
582 301 605 344 s.
623 300 823 344 scarensem.
979 280 1020 346 79

136 451 183 511 Sic
203 449 343 510 brevitate
361 448 426 508 libri
445 448 562 528 geminae
582 449 753 508 clauduntur
772 448 867 526 abyssi
877 471 886 520 3

175 547 308 624 Utraque
327 565 431 624 magne
449 544 542 617 nimis,
562 545 658 604 nullus
678 551 828 623 utramque
848 545 932 622 cepit.

133 643 250 723 Jugiter
268 643 314 701 hic
333 642 422 720 legem
441 641 581 714 meditari,
600 642 748 720 inquirere,
769 661 858 715 nosse,

176 737 257 809 Quid
276 737 330 796 nisi
350 737 457 795 coelesti
476 737 539 795 luce
558 736 676 814 ciboque
694 735 771 795 fruii

135 830 190 889 Nil
208 829 316 888 homini
335 827 445 902 melius,
465 827 551 906 quem
571 828 596 886 si
616 828 712 886 divine
730 828 846 906 legendo
985 839 1021 890 35

178 927 263 1004 Figat
280 925 322 985 ibi
341 925 439 999 vitum,
460 945 517 1003 quo
536 925 590 984 sibi
609 925 670 984 vite
689 926 776 986 venit.

137 1019 220 1080 Felix
239 1019 289 1098 qni
308 1019 369 1078 sitit
388 1020 456 1091 haec,
476 1025 505 1078 et
524 1018 622 1077 eodem
641 1020 718 1078 fonte
736 1039 864 1096 seporcm
885 1035 887 1039 ’

176 1115 317 1189 Attrahit,
337 1122 371 1174 ut
390 1114 480 1174 vitem
501 1114 613 1174 condiet
632 1113 698 1172 inde
717 1134 806 1172 suem.

137 1211 214 1270 Nem
234 1211 288 1270 nisi
307 1211 347 1270 sic
366 1210 467 1293 sepiat,
487 1209 641 1287 sapientem
661 1230 716 1268 non
735 1217 816 1288 puto,
839 1212 952 1290 quando

175 1306 227 1365 Nil
247 1306 310 1378 sibi,
332 1306 408 1385 quod
428 1304 527 1364 didicit
546 1303 649 1377 codice,
669 1303 752 1362 corde
771 1305 855 1382 sepit.
984 1316 1023 1366 40

137 1402 196 1474 Qui
216 1402 314 1462 studet
332 1401 386 1470 his,
406 1401 451 1460 vel
470 1410 584 1478 propter
604 1419 670 1476 opes
689 1399 734 1458 vel
753 1408 867 1478 propter
885 1403 1012 1480 honores,

176 1501 245 1559 Non
264 1498 356 1577 sepit3
382 1498 406 1559 it
425 1517 540 1576 prorsus
559 1495 577 1554 *a
597 1496 722 1574 sapiente
741 1498 848 1574 procul.

136 1595 206 1654 Non
225 1592 279 1652 nisi
298 1599 412 1670 propter
431 1611 460 1650 se
478 1591 543 1651 vult
562 1610 591 1650 se
610 1589 747 1668 sepientis
766 1591 874 1669 qnaeri;

177 1689 237 1760 Qui
256 1689 324 1748 colit
342 1688 423 1762 banc,
443 1685 519 1760 audi,
539 1705 603 1763 quae
622 1685 704 1744 metit
723 1685 788 1744 inde
806 1686 888 1746 bone.

137 1784 240 1843 Purior
258 1783 384 1855 effectus,
405 1801 502 1842 sensus
520 1780 554 1839 fit
573 1780 681 1854 clarior,
702 1788 730 1839 et
749 1802 830 1840 mens
986 1793 1022 1844 45

176 1877 304 1936 Liberior
321 1876 436 1947 mundo,
457 1895 592 1954 carneque
611 1895 705 1952 pressa
724 1875 827 1936 minus.

137 1973 236 2033 Lectio
251 1973 330 2052 jugis
348 1972 399 2031 elit
419 1971 548 2044 virtutes,
567 1970 661 2030 lucide
680 1971 773 2030 reddit

177 2066 294 2140 Infima,
315 2066 435 2125 declinat
454 2064 549 2140 noxie,
568 2085 642 2123 vene
660 2066 749 2142 fuget.

137 2369 250 2420 assumed
259 2368 300 2417 the
310 2369 406 2417 entirest
416 2369 504 2429 liberty
514 2368 543 2416 oi
551 2368 651 2430 making
663 2367 721 2428 long
732 2383 746 2416 e
757 2368 823 2417 short
832 2369 1021 2430 syllable-even

137 2464 151 2496 s
162 2448 227 2495 short
237 2445 367 2494 vowel-st
380 2444 428 2494 this
437 2446 514 2507 pisce,
526 2445 650 2494 whenever
665 2446 685 2493 it
695 2460 743 2493 uss
759 2445 899 2493 convenient
912 2455 937 2494 to
949 2447 1022 2498 them.

138 2522 208 2581 They
219 2520 279 2569 used
292 2519 333 2567 the
349 2533 413 2568 seme
428 2519 532 2568 ireedom
547 2521 573 2566 ln
588 2519 673 2581 regsrd
683 2519 712 2566 oi
724 2519 764 2567 the
778 2519 923 2582 hexameter,
938 2522 1023 2580 where,

137 2596 207 2644 when
216 2595 257 2643 the
268 2609 356 2643 caesurs
371 2594 481 2643 occurred
496 2594 659 2655 immediately
675 2593 735 2642 after
749 2595 790 2643 the
800 2597 859 2644 ersis
873 2597 899 2643 in
908 2596 949 2644 the
958 2598 1023 2646 third

135 2673 195 2732 loct,
208 2672 250 2719 the
260 2670 362 2731 syllable
371 2685 402 2718 on
413 2669 491 2718 which
504 2669 544 2717 the
554 2684 628 2732 pause
638 2669 695 2717 thus
709 2670 762 2731 fell,
773 2686 820 2719 wss
830 2672 920 2734 elusys
934 2673 982 2721 end
991 2689 1022 2722 on

135 2749 185 2798 this
196 2748 288 2810 ground
297 2749 366 2796 alone
376 2746 515 2796 considered
524 2748 589 2808 long.
622 2746 676 2795 The
685 2749 768 2796 render
781 2749 832 2796 will
842 2749 892 2797 lind
900 2751 1022 2813 exemplet

135 2827 164 2875 cf
174 2826 234 2874 both
243 2824 316 2873 kinds
330 2825 355 2872 in
365 2824 414 2872 this
424 2824 528 2883 volume,
539 2824 586 2871 and
596 2823 682 2871 should
696 2833 739 2874 not
752 2827 837 2888 regurd
852 2827 918 2876 them
928 2844 953 2876 es
963 2844 1021 2890 neg-

133 2903 194 2952 lecte
205 2916 232 2949 or
244 2901 385 2964 oversights,
395 2903 439 2949 but
448 2914 474 2948 es
487 2898 573 2948 results
583 2897 611 2947 ei
618 2914 633 2946 c
643 2909 740 2960 system.
