<?xml version="1.0" encoding="UTF-8"?>
<!DOCTYPE html PUBLIC "-//W3C//DTD XHTML 1.0 Transitional//EN"
    "http://www.w3.org/TR/xhtml1/DTD/xhtml1-transitional.dtd">
<html xmlns="http://www.w3.org/1999/xhtml" xml:lang="en" lang="en">
 <head>
  <title>
</title>
<meta http-equiv="Content-Type" content="text/html;charset=utf-8" />
  <meta name='ocr-system' content='tesseract 3.04.00' />
  <meta name='ocr-capabilities' content='ocr_page ocr_carea ocr_par ocr_line ocrx_word'/>
</head>
<body>
  <div class='ocr_page' id='page_1' title='image "./sacredlatinpoet05trengoog_0125.png"; bbox 0 0 2516 4012; ppageno 0'>
   <div class='ocr_carea' id='block_1_1' title="bbox 225 233 731 300">
    <p class='ocr_par' dir='ltr' id='par_1_1' title="bbox 225 233 731 300">
     <span class='ocr_line' id='line_1_1' title="bbox 225 233 731 300; baseline -0.008 -2"><span class='ocrx_word' id='word_1_1' title='bbox 225 233 289 300; x_wconf 83' lang='lat'>100</span> <span class='ocrx_word' id='word_1_2' title='bbox 523 265 537 280; x_wconf 81' lang='lat'><em>-</em></span> <span class='ocrx_word' id='word_1_3' title='bbox 596 251 731 296; x_wconf 76' lang='lat' dir='ltr'>smnus.</span> 
     </span>
    </p>
   </div>
   <div class='ocr_carea' id='block_1_2' title="bbox 222 398 1120 470">
    <p class='ocr_par' dir='ltr' id='par_1_2' title="bbox 222 398 1120 470">
     <span class='ocr_line' id='line_1_2' title="bbox 222 398 1120 470; baseline -0.004 -12"><span class='ocrx_word' id='word_1_4' title='bbox 222 404 269 458; x_wconf 88' lang='lat' dir='ltr'>the</span> <span class='ocrx_word' id='word_1_5' title='bbox 281 401 378 468; x_wconf 83' lang='lat' dir='ltr'>whole,</span> <span class='ocrx_word' id='word_1_6' title='bbox 389 401 420 456; x_wconf 89' lang='lat' dir='ltr'>of</span> <span class='ocrx_word' id='word_1_7' title='bbox 433 399 480 455; x_wconf 89' lang='lat' dir='ltr'>the</span> <span class='ocrx_word' id='word_1_8' title='bbox 497 399 612 470; x_wconf 77' lang='lat' dir='ltr'>genuine</span> <span class='ocrx_word' id='word_1_9' title='bbox 628 398 740 468; x_wconf 87' lang='lat' dir='ltr'>epitaph</span> <span class='ocrx_word' id='word_1_10' title='bbox 754 398 785 454; x_wconf 88' lang='lat' dir='ltr'>of</span> <span class='ocrx_word' id='word_1_11' title='bbox 798 399 910 454; x_wconf 84' lang='lat' dir='ltr'>Alanus.</span> <span class='ocrx_word' id='word_1_12' title='bbox 945 399 1006 455; x_wconf 91' lang='lat' dir='ltr'>The</span> <span class='ocrx_word' id='word_1_13' title='bbox 1021 399 1073 455; x_wconf 88' lang='lat' dir='ltr'>lsst</span> <span class='ocrx_word' id='word_1_14' title='bbox 1088 401 1120 454; x_wconf 86' lang='lat' dir='ltr'>of</span> 
     </span>
    </p>
   </div>
   <div class='ocr_carea' id='block_1_3' title="bbox 222 493 973 764">
    <p class='ocr_par' dir='ltr' id='par_1_3' title="bbox 222 493 973 764">
     <span class='ocr_line' id='line_1_3' title="bbox 222 493 608 564; baseline -0.016 -10"><span class='ocrx_word' id='word_1_15' title='bbox 222 499 300 555; x_wconf 86' lang='lat' dir='ltr'>thern</span> <span class='ocrx_word' id='word_1_16' title='bbox 312 497 335 551; x_wconf 89' lang='lat' dir='ltr'>is</span> <span class='ocrx_word' id='word_1_17' title='bbox 352 495 468 564; x_wconf 81' lang='lat' dir='ltr'><strong>striking</strong></span> <span class='ocrx_word' id='word_1_18' title='bbox 484 493 608 563; x_wconf 78' lang='lat' dir='ltr'>enough:</span> 
     </span>
     <span class='ocr_line' id='line_1_4' title="bbox 371 576 922 630; baseline -0.007 -7"><span class='ocrx_word' id='word_1_19' title='bbox 371 581 469 623; x_wconf 73' lang='lat' dir='ltr'>alanum</span> <span class='ocrx_word' id='word_1_20' title='bbox 481 577 555 620; x_wconf 81' lang='lat' dir='ltr'>brevis</span> <span class='ocrx_word' id='word_1_21' title='bbox 567 577 622 619; x_wconf 85' lang='lat' dir='ltr'>hora</span> <span class='ocrx_word' id='word_1_22' title='bbox 634 576 698 620; x_wconf 87' lang='lat' dir='ltr'>brevi</span> <span class='ocrx_word' id='word_1_23' title='bbox 709 578 797 620; x_wconf 88' lang='lat' dir='ltr'>tumulo</span> <span class='ocrx_word' id='word_1_24' title='bbox 811 577 922 630; x_wconf 76' lang='lat' dir='ltr'><strong>sepelivit,</strong></span> 
     </span>
     <span class='ocr_line' id='line_1_5' title="bbox 373 643 963 699; baseline -0.003 -11"><span class='ocrx_word' id='word_1_25' title='bbox 373 645 418 694; x_wconf 83' lang='lat' dir='ltr'>Qui</span> <span class='ocrx_word' id='word_1_26' title='bbox 430 646 483 697; x_wconf 91' lang='lat' dir='ltr'>dno,</span> <span class='ocrx_word' id='word_1_27' title='bbox 495 645 534 699; x_wconf 87' lang='lat' dir='ltr'>qui</span> <span class='ocrx_word' id='word_1_28' title='bbox 547 647 642 696; x_wconf 86' lang='lat' dir='ltr'>septem,</span> <span class='ocrx_word' id='word_1_29' title='bbox 655 643 694 696; x_wconf 85' lang='lat' dir='ltr'>qui</span> <span class='ocrx_word' id='word_1_30' title='bbox 706 647 780 686; x_wconf 86' lang='lat' dir='ltr'>totum</span> <span class='ocrx_word' id='word_1_31' title='bbox 793 644 871 687; x_wconf 83' lang='lat' dir='ltr'><strong>scibile</strong></span> <span class='ocrx_word' id='word_1_32' title='bbox 884 643 963 696; x_wconf 86' lang='lat' dir='ltr'>scivit3</span> 
     </span>
     <span class='ocr_line' id='line_1_6' title="bbox 373 710 973 764; baseline -0.007 -7"><span class='ocrx_word' id='word_1_33' title='bbox 373 714 433 757; x_wconf 84' lang='lat' dir='ltr'>Scire</span> <span class='ocrx_word' id='word_1_34' title='bbox 445 723 512 756; x_wconf 83' lang='lat' dir='ltr'>suum</span> <span class='ocrx_word' id='word_1_35' title='bbox 524 711 624 754; x_wconf 85' lang='lat' dir='ltr'>moriens</span> <span class='ocrx_word' id='word_1_36' title='bbox 639 710 692 753; x_wconf 83' lang='lat' dir='ltr'>dare</span> <span class='ocrx_word' id='word_1_37' title='bbox 705 712 741 754; x_wconf 87' lang='lat' dir='ltr'>vel</span> <span class='ocrx_word' id='word_1_38' title='bbox 753 711 851 754; x_wconf 83' lang='lat' dir='ltr'>retinere</span> <span class='ocrx_word' id='word_1_39' title='bbox 865 711 973 764; x_wconf 85' lang='lat' dir='ltr'>nequivit.</span> 
     </span>
    </p>
   </div>
   <div class='ocr_carea' id='block_1_4' title="bbox 347 921 986 989">
    <p class='ocr_par' dir='ltr' id='par_1_4' title="bbox 347 921 986 989">
     <span class='ocr_line' id='line_1_7' title="bbox 347 921 986 989; baseline -0.002 -9"><span class='ocrx_word' id='word_1_40' title='bbox 347 923 405 981; x_wconf 90' lang='lat' dir='ltr'>IX.</span> <span class='ocrx_word' id='word_1_41' title='bbox 446 921 504 981; x_wconf 85' lang='lat' dir='ltr'>DE</span> <span class='ocrx_word' id='word_1_42' title='bbox 518 921 793 989; x_wconf 77' lang='grc' dir='ltr'><strong>,ΝΑΤΝΙΤΑΤΕ</strong></span> <span class='ocrx_word' id='word_1_43' title='bbox 817 921 986 982; x_wconf 88' lang='lat' dir='ltr'><strong>DOMINI.</strong></span> 
     </span>
    </p>
   </div>
   <div class='ocr_carea' id='block_1_5' title="bbox 217 1127 1121 3297">
    <p class='ocr_par' dir='ltr' id='par_1_5' title="bbox 217 1127 1121 3297">
     <span class='ocr_line' id='line_1_8' title="bbox 295 1127 1009 1206; baseline -0.004 -18"><span class='ocrx_word' id='word_1_44' title='bbox 295 1129 338 1190; x_wconf 77' lang='lat'>10</span> <span class='ocrx_word' id='word_1_45' title='bbox 358 1134 401 1188; x_wconf 89' lang='lat' dir='ltr'>est</span> <span class='ocrx_word' id='word_1_46' title='bbox 421 1127 480 1206; x_wconf 93' lang='lat' dir='ltr'>qui,</span> <span class='ocrx_word' id='word_1_47' title='bbox 500 1128 592 1188; x_wconf 85' lang='lat' dir='ltr'>carnis</span> <span class='ocrx_word' id='word_1_48' title='bbox 610 1127 718 1187; x_wconf 73' lang='lat' dir='ltr'>intrans</span> <span class='ocrx_word' id='word_1_49' title='bbox 737 1129 879 1206; x_wconf 81' lang='lat' dir='ltr'>ergastula</span> <span class='ocrx_word' id='word_1_50' title='bbox 898 1134 1009 1198; x_wconf 88' lang='lat' dir='ltr'>nostrae,</span> 
     </span>
     <span class='ocr_line' id='line_1_9' title="bbox 314 1222 1021 1301; baseline -0.008 -17"><span class='ocrx_word' id='word_1_51' title='bbox 314 1224 350 1284; x_wconf 82' lang='lat' dir='ltr'>Se</span> <span class='ocrx_word' id='word_1_52' title='bbox 370 1243 462 1301; x_wconf 89' lang='lat' dir='ltr'>poenae</span> <span class='ocrx_word' id='word_1_53' title='bbox 481 1222 585 1298; x_wconf 84' lang='lat' dir='ltr'>vinxit,</span> <span class='ocrx_word' id='word_1_54' title='bbox 605 1222 715 1284; x_wconf 85' lang='lat' dir='ltr'>vinctos</span> <span class='ocrx_word' id='word_1_55' title='bbox 734 1231 768 1282; x_wconf 91' lang='lat' dir='ltr'>ut</span> <span class='ocrx_word' id='word_1_56' title='bbox 789 1224 928 1293; x_wconf 86' lang='lat' dir='ltr'>solveret3</span> <span class='ocrx_word' id='word_1_57' title='bbox 948 1240 1021 1300; x_wconf 86' lang='lat' dir='ltr'>aeger</span> 
     </span>
     <span class='ocr_line' id='line_1_10' title="bbox 221 1316 954 1398; baseline -0.003 -20"><span class='ocrx_word' id='word_1_58' title='bbox 221 1319 336 1394; x_wconf 83' lang='lat' dir='ltr'>Faetus,</span> <span class='ocrx_word' id='word_1_59' title='bbox 356 1325 390 1379; x_wconf 86' lang='lat' dir='ltr'>ut</span> <span class='ocrx_word' id='word_1_60' title='bbox 410 1324 530 1398; x_wconf 83' lang='lat' dir='ltr'>aegrotos</span> <span class='ocrx_word' id='word_1_61' title='bbox 550 1324 660 1378; x_wconf 84' lang='lat' dir='ltr'>sanaret</span> <span class='ocrx_word' id='word_1_62' title='bbox 669 1341 678 1390; x_wconf 93' lang='lat'>3</span> <span class='ocrx_word' id='word_1_63' title='bbox 704 1339 813 1397; x_wconf 84' lang='lat' dir='ltr'>pauper</span> <span class='ocrx_word' id='word_1_64' title='bbox 832 1332 865 1378; x_wconf 88' lang='lat' dir='ltr'>ut</span> <span class='ocrx_word' id='word_1_65' title='bbox 885 1316 954 1395; x_wconf 90' lang='lat' dir='ltr'>ipsis</span> 
     </span>
     <span class='ocr_line' id='line_1_11' title="bbox 220 1413 982 1492; baseline -0.004 -19"><span class='ocrx_word' id='word_1_66' title='bbox 220 1413 398 1492; x_wconf 76' lang='lat' dir='ltr'>Pauperibus</span> <span class='ocrx_word' id='word_1_67' title='bbox 418 1414 553 1473; x_wconf 85' lang='lat' dir='ltr'>conferret</span> <span class='ocrx_word' id='word_1_68' title='bbox 572 1433 654 1492; x_wconf 89' lang='lat' dir='ltr'>opem</span> <span class='ocrx_word' id='word_1_69' title='bbox 663 1436 672 1486; x_wconf 99' lang='lat'>3</span> <span class='ocrx_word' id='word_1_70' title='bbox 699 1413 849 1473; x_wconf 85' lang='lat' dir='ltr'>defunctus</span> <span class='ocrx_word' id='word_1_71' title='bbox 868 1418 901 1472; x_wconf 92' lang='lat' dir='ltr'>ut</span> <span class='ocrx_word' id='word_1_72' title='bbox 921 1413 982 1490; x_wconf 73' lang='lat' dir='ltr'>ipset</span> 
     </span>
     <span class='ocr_line' id='line_1_12' title="bbox 221 1507 844 1570; baseline 0 -4"><span class='ocrx_word' id='word_1_73' title='bbox 221 1507 294 1568; x_wconf 74' lang='lat' dir='ltr'>Viti</span> <span class='ocrx_word' id='word_1_74' title='bbox 314 1508 430 1568; x_wconf 85' lang='lat' dir='ltr'>donaret</span> <span class='ocrx_word' id='word_1_75' title='bbox 450 1509 613 1570; x_wconf 85' lang='lat' dir='ltr'>defunctos:</span> <span class='ocrx_word' id='word_1_76' title='bbox 637 1509 742 1568; x_wconf 83' lang='lat' dir='ltr'>exsulis</span> <span class='ocrx_word' id='word_1_77' title='bbox 761 1528 844 1567; x_wconf 92' lang='lat' dir='ltr'>omen</span> 
     </span>
     <span class='ocr_line' id='line_1_13' title="bbox 220 1602 912 1678; baseline -0.001 -16"><span class='ocrx_word' id='word_1_78' title='bbox 220 1603 336 1678; x_wconf 86' lang='lat' dir='ltr'>Passus,</span> <span class='ocrx_word' id='word_1_79' title='bbox 356 1610 390 1661; x_wconf 90' lang='lat' dir='ltr'>ut</span> <span class='ocrx_word' id='word_1_80' title='bbox 409 1602 494 1662; x_wconf 88' lang='lat' dir='ltr'>exilio</span> <span class='ocrx_word' id='word_1_81' title='bbox 513 1602 630 1662; x_wconf 90' lang='lat' dir='ltr'>miseros</span> <span class='ocrx_word' id='word_1_82' title='bbox 650 1603 817 1662; x_wconf 78' lang='lat' dir='ltr'>subduceret</span> <span class='ocrx_word' id='word_1_83' title='bbox 837 1603 912 1662; x_wconf 86' lang='lat' dir='ltr'>exul.</span> 
     </span>
     <span class='ocr_line' id='line_1_14' title="bbox 219 1697 896 1778; baseline 0.003 -22"><span class='ocrx_word' id='word_1_84' title='bbox 219 1698 267 1757; x_wconf 85' lang='lat' dir='ltr'>Sic</span> <span class='ocrx_word' id='word_1_85' title='bbox 286 1699 374 1758; x_wconf 85' lang='lat' dir='ltr'>livore</span> <span class='ocrx_word' id='word_1_86' title='bbox 393 1697 466 1778; x_wconf 85' lang='lat' dir='ltr'>perit</span> <span class='ocrx_word' id='word_1_87' title='bbox 485 1697 567 1774; x_wconf 86' lang='lat' dir='ltr'>livor,</span> <span class='ocrx_word' id='word_1_88' title='bbox 588 1698 627 1759; x_wconf 88' lang='lat' dir='ltr'>sio</span> <span class='ocrx_word' id='word_1_89' title='bbox 647 1698 762 1758; x_wconf 84' lang='lat' dir='ltr'>vulnere</span> <span class='ocrx_word' id='word_1_90' title='bbox 782 1697 896 1772; x_wconf 86' lang='lat' dir='ltr'>vulnus,</span> 
     </span>
     <span class='ocr_line' id='line_1_15' title="bbox 221 1792 1121 1876; baseline -0.003 -24"><span class='ocrx_word' id='word_1_91' title='bbox 221 1792 268 1852; x_wconf 87' lang='lat' dir='ltr'>Sic</span> <span class='ocrx_word' id='word_1_92' title='bbox 286 1794 403 1854; x_wconf 86' lang='lat' dir='ltr'>morbus</span> <span class='ocrx_word' id='word_1_93' title='bbox 423 1793 540 1860; x_wconf 76' lang='lat' dir='ltr'>demunt</span> <span class='ocrx_word' id='word_1_94' title='bbox 559 1794 701 1869; x_wconf 87' lang='lat' dir='ltr'>morbum,</span> <span class='ocrx_word' id='word_1_95' title='bbox 720 1813 796 1853; x_wconf 89' lang='lat' dir='ltr'>mors</span> <span class='ocrx_word' id='word_1_96' title='bbox 815 1800 905 1853; x_wconf 89' lang='lat' dir='ltr'>morte</span> <span class='ocrx_word' id='word_1_97' title='bbox 924 1794 1058 1872; x_wconf 84' lang='lat' dir='ltr'>fugatur:</span> <span class='ocrx_word' id='word_1_98' title='bbox 1117 1869 1121 1876; x_wconf 30' lang='grc' dir='ltr'>Ι</span> 
     </span>
     <span class='ocr_line' id='line_1_16' title="bbox 220 1888 962 1965; baseline -0.003 -16"><span class='ocrx_word' id='word_1_99' title='bbox 220 1890 267 1949; x_wconf 85' lang='lat' dir='ltr'>Sic</span> <span class='ocrx_word' id='word_1_100' title='bbox 287 1890 408 1949; x_wconf 88' lang='lat' dir='ltr'>moritur</span> <span class='ocrx_word' id='word_1_101' title='bbox 426 1888 534 1965; x_wconf 86' lang='lat' dir='ltr'>vivens,</span> <span class='ocrx_word' id='word_1_102' title='bbox 554 1896 588 1949; x_wconf 92' lang='lat' dir='ltr'>ut</span> <span class='ocrx_word' id='word_1_103' title='bbox 607 1889 688 1948; x_wconf 84' lang='lat' dir='ltr'>vivat</span> <span class='ocrx_word' id='word_1_104' title='bbox 707 1897 854 1961; x_wconf 88' lang='lat' dir='ltr'>mortuus3</span> <span class='ocrx_word' id='word_1_105' title='bbox 875 1890 962 1948; x_wconf 86' lang='lat' dir='ltr'>haeres</span> 
     </span>
     <span class='ocr_line' id='line_1_17' title="bbox 219 1983 909 2063; baseline -0.003 -19"><span class='ocrx_word' id='word_1_106' title='bbox 219 1984 339 2060; x_wconf 86' lang='lat' dir='ltr'>Exulat,</span> <span class='ocrx_word' id='word_1_107' title='bbox 359 1991 393 2044; x_wconf 84' lang='lat' dir='ltr'>ut</span> <span class='ocrx_word' id='word_1_108' title='bbox 413 2004 507 2044; x_wconf 81' lang='lat' dir='ltr'>servor</span> <span class='ocrx_word' id='word_1_109' title='bbox 526 1984 650 2044; x_wconf 84' lang='lat' dir='ltr'>heoredes</span> <span class='ocrx_word' id='word_1_110' title='bbox 669 1983 768 2043; x_wconf 88' lang='lat' dir='ltr'>reddat</span> <span class='ocrx_word' id='word_1_111' title='bbox 777 2008 786 2056; x_wconf 95' lang='lat'>3</span> <span class='ocrx_word' id='word_1_112' title='bbox 805 2003 909 2063; x_wconf 81' lang='lat' dir='ltr'>egenus</span> 
     </span>
     <span class='ocr_line' id='line_1_18' title="bbox 220 2078 966 2158; baseline -0.004 -19"><span class='ocrx_word' id='word_1_113' title='bbox 220 2080 269 2139; x_wconf 89' lang='lat' dir='ltr'>Fit</span> <span class='ocrx_word' id='word_1_114' title='bbox 289 2078 379 2148; x_wconf 88' lang='lat' dir='ltr'>dives,</span> <span class='ocrx_word' id='word_1_115' title='bbox 399 2099 564 2158; x_wconf 75' lang='lat' dir='ltr'>pauperque</span> <span class='ocrx_word' id='word_1_116' title='bbox 582 2084 691 2156; x_wconf 90' lang='lat' dir='ltr'>potens,</span> <span class='ocrx_word' id='word_1_117' title='bbox 711 2084 746 2137; x_wconf 91' lang='lat' dir='ltr'>ut</span> <span class='ocrx_word' id='word_1_118' title='bbox 765 2078 837 2138; x_wconf 84' lang='lat' dir='ltr'>ditet</span> <span class='ocrx_word' id='word_1_119' title='bbox 857 2098 966 2157; x_wconf 81' lang='lat' dir='ltr'>egenos.</span> 
     </span>
     <span class='ocr_line' id='line_1_19' title="bbox 219 2172 885 2245; baseline -0.003 -11"><span class='ocrx_word' id='word_1_120' title='bbox 219 2173 266 2234; x_wconf 78' lang='lat' dir='ltr'>Sic</span> <span class='ocrx_word' id='word_1_121' title='bbox 285 2172 356 2234; x_wconf 89' lang='lat' dir='ltr'>liber</span> <span class='ocrx_word' id='word_1_122' title='bbox 375 2173 471 2243; x_wconf 85' lang='lat' dir='ltr'>servit,</span> <span class='ocrx_word' id='word_1_123' title='bbox 491 2180 525 2232; x_wconf 90' lang='lat' dir='ltr'>ut</span> <span class='ocrx_word' id='word_1_124' title='bbox 545 2193 638 2232; x_wconf 88' lang='lat' dir='ltr'>servos</span> <span class='ocrx_word' id='word_1_125' title='bbox 658 2172 756 2232; x_wconf 87' lang='lat' dir='ltr'>liberet</span> <span class='ocrx_word' id='word_1_126' title='bbox 766 2195 775 2245; x_wconf 93' lang='lat'>3</span> <span class='ocrx_word' id='word_1_127' title='bbox 795 2172 885 2232; x_wconf 89' lang='lat' dir='ltr'>imum</span> 
     </span>
     <span class='ocr_line' id='line_1_20' title="bbox 219 2268 1057 2349; baseline -0.002 -20"><span class='ocrx_word' id='word_1_128' title='bbox 219 2270 339 2329; x_wconf 82' lang='lat' dir='ltr'>Summa</span> <span class='ocrx_word' id='word_1_129' title='bbox 358 2274 470 2349; x_wconf 85' lang='lat' dir='ltr'>petunt,</span> <span class='ocrx_word' id='word_1_130' title='bbox 490 2275 524 2328; x_wconf 94' lang='lat' dir='ltr'>ut</span> <span class='ocrx_word' id='word_1_131' title='bbox 545 2268 584 2326; x_wconf 88' lang='lat' dir='ltr'>sio</span> <span class='ocrx_word' id='word_1_132' title='bbox 604 2268 756 2327; x_wconf 85' lang='lat' dir='ltr'>ascendant</span> <span class='ocrx_word' id='word_1_133' title='bbox 775 2269 876 2328; x_wconf 84' lang='lat' dir='ltr'>infima</span> <span class='ocrx_word' id='word_1_134' title='bbox 895 2289 1057 2339; x_wconf 89' lang='lat' dir='ltr'>summum3</span> 
     </span>
     <span class='ocr_line' id='line_1_21' title="bbox 217 2361 1016 2442; baseline -0.003 -20"><span class='ocrx_word' id='word_1_135' title='bbox 217 2365 263 2424; x_wconf 92' lang='lat' dir='ltr'>Ut</span> <span class='ocrx_word' id='word_1_136' title='bbox 281 2384 340 2424; x_wconf 86' lang='lat' dir='ltr'>nox</span> <span class='ocrx_word' id='word_1_137' title='bbox 359 2364 543 2442; x_wconf 75' lang='lat' dir='ltr'>splendescat,</span> <span class='ocrx_word' id='word_1_138' title='bbox 565 2361 696 2439; x_wconf 87' lang='lat' dir='ltr'>splendor</span> <span class='ocrx_word' id='word_1_139' title='bbox 714 2363 898 2434; x_wconf 84' lang='lat' dir='ltr'>tenebrescit3</span> <span class='ocrx_word' id='word_1_140' title='bbox 920 2363 1016 2441; x_wconf 86' lang='lat' dir='ltr'>eclipsi</span> 
     </span>
     <span class='ocr_line' id='line_1_22' title="bbox 220 2456 1023 2536; baseline -0.006 -16"><span class='ocrx_word' id='word_1_141' title='bbox 220 2460 270 2520; x_wconf 80' lang='lat' dir='ltr'>Sol</span> <span class='ocrx_word' id='word_1_142' title='bbox 288 2479 372 2520; x_wconf 86' lang='lat' dir='ltr'>verus</span> <span class='ocrx_word' id='word_1_143' title='bbox 391 2457 557 2536; x_wconf 72' lang='lat' dir='ltr'>languescit,</span> <span class='ocrx_word' id='word_1_144' title='bbox 578 2462 612 2516; x_wconf 84' lang='lat' dir='ltr'>ut</span> <span class='ocrx_word' id='word_1_145' title='bbox 632 2463 708 2516; x_wconf 87' lang='lat' dir='ltr'>astra</span> <span class='ocrx_word' id='word_1_146' title='bbox 727 2456 843 2517; x_wconf 83' lang='lat' dir='ltr'>reducat</span> <span class='ocrx_word' id='word_1_147' title='bbox 862 2458 900 2517; x_wconf 89' lang='lat' dir='ltr'>ad</span> <span class='ocrx_word' id='word_1_148' title='bbox 920 2465 1023 2518; x_wconf 87' lang='lat' dir='ltr'>ortum.</span> 
     </span>
     <span class='ocr_line' id='line_1_23' title="bbox 220 2551 961 2634; baseline 0 -22"><span class='ocrx_word' id='word_1_149' title='bbox 220 2555 353 2634; x_wconf 83' lang='lat' dir='ltr'>AEgrotat</span> <span class='ocrx_word' id='word_1_150' title='bbox 371 2553 507 2626; x_wconf 86' lang='lat' dir='ltr'>medicus,</span> <span class='ocrx_word' id='word_1_151' title='bbox 527 2557 562 2610; x_wconf 84' lang='lat' dir='ltr'>ut</span> <span class='ocrx_word' id='word_1_152' title='bbox 582 2557 661 2610; x_wconf 86' lang='lat' dir='ltr'>sanet</span> <span class='ocrx_word' id='word_1_153' title='bbox 680 2551 827 2610; x_wconf 90' lang='lat' dir='ltr'>morbidus</span> <span class='ocrx_word' id='word_1_154' title='bbox 846 2572 961 2631; x_wconf 84' lang='lat' dir='ltr'>aegrum.</span> 
     </span>
     <span class='ocr_line' id='line_1_24' title="bbox 221 2644 926 2724; baseline -0.004 -16"><span class='ocrx_word' id='word_1_155' title='bbox 221 2650 257 2708; x_wconf 82' lang='lat' dir='ltr'>Se</span> <span class='ocrx_word' id='word_1_156' title='bbox 276 2650 382 2708; x_wconf 90' lang='lat' dir='ltr'>coelum</span> <span class='ocrx_word' id='word_1_157' title='bbox 401 2654 482 2706; x_wconf 85' lang='lat' dir='ltr'>terrae</span> <span class='ocrx_word' id='word_1_158' title='bbox 502 2647 668 2720; x_wconf 85' lang='lat' dir='ltr'>conformat,</span> <span class='ocrx_word' id='word_1_159' title='bbox 689 2644 788 2704; x_wconf 89' lang='lat' dir='ltr'>cedrus</span> <span class='ocrx_word' id='word_1_160' title='bbox 807 2646 926 2724; x_wconf 91' lang='lat' dir='ltr'>hysopo,</span> 
     </span>
     <span class='ocr_line' id='line_1_25' title="bbox 221 2738 888 2822; baseline -0.004 -20"><span class='ocrx_word' id='word_1_161' title='bbox 221 2745 288 2821; x_wconf 92' lang='lat' dir='ltr'>Ipse</span> <span class='ocrx_word' id='word_1_162' title='bbox 307 2744 387 2822; x_wconf 82' lang='lat' dir='ltr'>gigas</span> <span class='ocrx_word' id='word_1_163' title='bbox 405 2763 490 2817; x_wconf 86' lang='lat' dir='ltr'>nano,</span> <span class='ocrx_word' id='word_1_164' title='bbox 510 2742 589 2800; x_wconf 84' lang='lat' dir='ltr'>fumo</span> <span class='ocrx_word' id='word_1_165' title='bbox 609 2741 671 2815; x_wconf 84' lang='lat' dir='ltr'>lux,</span> <span class='ocrx_word' id='word_1_166' title='bbox 692 2738 770 2799; x_wconf 91' lang='lat' dir='ltr'>dives</span> <span class='ocrx_word' id='word_1_167' title='bbox 789 2759 888 2818; x_wconf 87' lang='lat' dir='ltr'>egeno,</span> 
     </span>
     <span class='ocr_line' id='line_1_26' title="bbox 221 2839 889 2916; baseline -0.003 -18"><span class='ocrx_word' id='word_1_168' title='bbox 221 2839 340 2916; x_wconf 86' lang='lat' dir='ltr'>AEgroto</span> <span class='ocrx_word' id='word_1_169' title='bbox 361 2858 455 2913; x_wconf 86' lang='lat' dir='ltr'>senus,</span> <span class='ocrx_word' id='word_1_170' title='bbox 475 2857 555 2897; x_wconf 88' lang='lat' dir='ltr'>servo</span> <span class='ocrx_word' id='word_1_171' title='bbox 575 2857 633 2911; x_wconf 89' lang='lat' dir='ltr'>rex,</span> <span class='ocrx_word' id='word_1_172' title='bbox 653 2855 782 2913; x_wconf 87' lang='lat' dir='ltr'>purpura</span> <span class='ocrx_word' id='word_1_173' title='bbox 801 2855 889 2896; x_wconf 86' lang='lat' dir='ltr'>sacco.</span> 
     </span>
     <span class='ocr_line' id='line_1_27' title="bbox 222 2929 1012 3011; baseline 0.001 -19"><span class='ocrx_word' id='word_1_174' title='bbox 222 2933 281 2992; x_wconf 91' lang='lat' dir='ltr'>Hic</span> <span class='ocrx_word' id='word_1_175' title='bbox 299 2940 352 3008; x_wconf 90' lang='lat' dir='ltr'>est,</span> <span class='ocrx_word' id='word_1_176' title='bbox 372 2933 423 3011; x_wconf 93' lang='lat' dir='ltr'>qui</span> <span class='ocrx_word' id='word_1_177' title='bbox 441 2935 569 2992; x_wconf 86' lang='lat' dir='ltr'>nostram</span> <span class='ocrx_word' id='word_1_178' title='bbox 588 2937 692 2991; x_wconf 87' lang='lat' dir='ltr'>sortem</span> <span class='ocrx_word' id='word_1_179' title='bbox 711 2929 870 3006; x_wconf 81' lang='lat' dir='ltr'>miseratus,</span> <span class='ocrx_word' id='word_1_180' title='bbox 891 2932 927 2990; x_wconf 87' lang='lat' dir='ltr'>ab</span> <span class='ocrx_word' id='word_1_181' title='bbox 947 2934 1012 2992; x_wconf 68' lang='lat' dir='ltr'>aulai</span> 
     </span>
     <span class='ocr_line' id='line_1_28' title="bbox 222 3025 876 3106; baseline 0 -19"><span class='ocrx_word' id='word_1_182' title='bbox 222 3028 332 3088; x_wconf 87' lang='lat' dir='ltr'>AEterni</span> <span class='ocrx_word' id='word_1_183' title='bbox 352 3027 447 3088; x_wconf 87' lang='lat' dir='ltr'>Patris</span> <span class='ocrx_word' id='word_1_184' title='bbox 466 3027 618 3106; x_wconf 83' lang='lat' dir='ltr'>egrediens,</span> <span class='ocrx_word' id='word_1_185' title='bbox 639 3025 754 3087; x_wconf 85' lang='lat' dir='ltr'>fastidia</span> <span class='ocrx_word' id='word_1_186' title='bbox 773 3033 876 3087; x_wconf 84' lang='lat' dir='ltr'>nostrae</span> 
     </span>
     <span class='ocr_line' id='line_1_29' title="bbox 224 3121 948 3198; baseline 0.003 -16"><span class='ocrx_word' id='word_1_187' title='bbox 224 3123 364 3184; x_wconf 86' lang='lat' dir='ltr'>Sustinuit</span> <span class='ocrx_word' id='word_1_188' title='bbox 383 3123 483 3194; x_wconf 85' lang='lat' dir='ltr'>sortis3</span> <span class='ocrx_word' id='word_1_189' title='bbox 503 3121 562 3182; x_wconf 91' lang='lat' dir='ltr'>sine</span> <span class='ocrx_word' id='word_1_190' title='bbox 581 3123 705 3198; x_wconf 88' lang='lat' dir='ltr'>crimine,</span> <span class='ocrx_word' id='word_1_191' title='bbox 725 3121 850 3182; x_wconf 87' lang='lat' dir='ltr'>oriminis</span> <span class='ocrx_word' id='word_1_192' title='bbox 868 3123 899 3182; x_wconf 91' lang='lat' dir='ltr'>in</span> <span class='ocrx_word' id='word_1_193' title='bbox 919 3146 948 3184; x_wconf 88' lang='lat' dir='ltr'>se</span> 
     </span>
     <span class='ocr_line' id='line_1_30' title="bbox 223 3217 889 3297; baseline 0 -19"><span class='ocrx_word' id='word_1_194' title='bbox 223 3218 357 3297; x_wconf 83' lang='lat' dir='ltr'>Defigens</span> <span class='ocrx_word' id='word_1_195' title='bbox 376 3237 486 3296; x_wconf 87' lang='lat' dir='ltr'>poenas,</span> <span class='ocrx_word' id='word_1_196' title='bbox 506 3224 535 3276; x_wconf 92' lang='lat' dir='ltr'>et</span> <span class='ocrx_word' id='word_1_197' title='bbox 555 3217 643 3277; x_wconf 87' lang='lat' dir='ltr'>nostri</span> <span class='ocrx_word' id='word_1_198' title='bbox 664 3218 768 3277; x_wconf 81' lang='lat' dir='ltr'>domna</span> <span class='ocrx_word' id='word_1_199' title='bbox 787 3217 889 3280; x_wconf 82' lang='lat' dir='ltr'>reatds.</span> 
     </span>
    </p>
   </div>
   <div class='ocr_carea' id='block_1_6' title="bbox 271 3405 1069 3474">
    <p class='ocr_par' dir='ltr' id='par_1_6' title="bbox 271 3405 1069 3474">
     <span class='ocr_line' id='line_1_31' title="bbox 271 3405 1069 3474; baseline 0.01 -18"><span class='ocrx_word' id='word_1_200' title='bbox 271 3407 318 3458; x_wconf 81' lang='lat' dir='ltr'>IX.</span> <span class='ocrx_word' id='word_1_201' title='bbox 349 3408 428 3457; x_wconf 76' lang='lat' dir='ltr'>Alani</span> <span class='ocrx_word' id='word_1_202' title='bbox 440 3407 530 3470; x_wconf 73' lang='lat' dir='ltr'>Opera,</span> <span class='ocrx_word' id='word_1_203' title='bbox 541 3407 579 3464; x_wconf 84' lang='lat' dir='ltr'>ed.</span> <span class='ocrx_word' id='word_1_204' title='bbox 591 3406 619 3465; x_wconf 75' lang='lat' dir='ltr'>C,</span> <span class='ocrx_word' id='word_1_205' title='bbox 631 3405 661 3455; x_wconf 87' lang='lat' dir='ltr'>de</span> <span class='ocrx_word' id='word_1_206' title='bbox 671 3405 758 3468; x_wconf 74' lang='lat' dir='ltr'>Visch,</span> <span class='ocrx_word' id='word_1_207' title='bbox 769 3407 896 3472; x_wconf 83' lang='lat' dir='ltr'>Antwsrp,</span> <span class='ocrx_word' id='word_1_208' title='bbox 906 3411 972 3473; x_wconf 72' lang='lat' dir='ltr'>loos,</span> <span class='ocrx_word' id='word_1_209' title='bbox 984 3428 1009 3474; x_wconf 84' lang='lat' dir='ltr'>p.</span> <span class='ocrx_word' id='word_1_210' title='bbox 1018 3415 1069 3470; x_wconf 80' lang='grc'><strong>377.</strong></span> 
     </span>
    </p>
   </div>
   <div class='ocr_carea' id='block_1_7' title="bbox 0 0 1263 4012">
    <p class='ocr_par' dir='ltr' id='par_1_7' title="bbox 0 0 1263 4012">
     <span class='ocr_line' id='line_1_32' title="bbox 0 0 1263 4012; baseline 0 0"><span class='ocrx_word' id='word_1_211' title='bbox 0 0 1263 4012; x_wconf 95' lang='lat' dir='ltr'> </span> 
     </span>
    </p>
   </div>
  </div>
 </body>
</html>
