2512 4016
233 278 298 343 154
502 294 594 338 anan
611 293 653 338 or
670 291 707 336 ετ
725 287 855 333 noros.

428 444 467 502 Et
487 462 553 500 oum
573 439 690 502 Christo
708 457 851 498 surrexere

429 539 518 598 Multi
537 543 623 598 testes
642 535 746 614 gloriae.

428 635 515 693 Mane
534 653 651 706 novum,
671 651 754 690 mane
773 631 880 704 letum,

428 729 630 808 Vespertinum
650 731 742 805 tergat
761 725 881 794 fletum3

428 827 505 897 Quia
524 826 586 884 viia
605 823 675 884 vicit
694 824 793 895 letum,

428 924 553 1001 Tempus
572 929 615 982 est
634 920 750 980 laetitiae.

426 1112 497 1170 Jeeu
517 1111 615 1183 vietor,
636 1108 706 1166 Jesu
727 1105 796 1179 vita,

426 1207 506 1280 Jesu,
526 1206 594 1264 vites
613 1204 661 1262 vin
679 1203 757 1275 trita,

428 1302 520 1379 cujus
539 1305 631 1360 morte
649 1319 725 1358 mors
745 1297 847 1374 sopito,

428 1396 478 1456 Ad
497 1395 659 1473 paschalem
678 1413 730 1452 nos
748 1394 841 1452 invite

428 1489 558 1550 Mensam
579 1509 644 1547 eum
664 1488 786 1547 fiduoih!

429 1583 505 1642 Vive
524 1582 615 1661 penis,
634 1582 723 1641 vivax
743 1582 830 1656 unda,

427 1682 505 1742 Vera
524 1680 591 1739 vitis
611 1686 640 1740 et
659 1681 802 1753 foeounda‚

426 1779 472 1838 Tu
492 1799 543 1838 nos
562 1798 653 1856 pastro,
675 1785 708 1838 tu
728 1799 779 1838 nos
800 1779 915 1852 munda,

427 1876 475 1936 Ut
492 1873 510 1932 {a
529 1881 620 1934 morte
639 1894 691 1934 nos
710 1873 833 1936 secundi

426 1970 490 2030 Tun
509 1969 599 2029 salvet
617 1968 727 2048 gratia!
1088 1975 1127 2026 85

275 2228 312 2287 72,
323 2227 360 2281 73.
386 2227 442 2274 The
452 2226 557 2274 allusion
567 2228 590 2274 is
604 2235 629 2275 to
640 2227 681 2274 Ps.
690 2227 760 2274 xxix.
770 2227 792 2287 6,
805 2225 907 2289 (Vulg.)
915 2227 999 2273 arni
1010 2223 1053 2287 (Ε.
1065 2224 1126 2284 V.):

231 2302 273 2350 Ad
291 2316 417 2364 vesperum
437 2302 598 2350 demorabitur
618 2301 697 2358 fletus,
718 2310 742 2350 et
762 2302 793 2349 ad
813 2301 960 2348 matutinum
978 2300 1077 2355 latitia3
1100 2301 1125 2346 in

232 2379 309 2428 which
325 2379 401 2426 words
416 2378 460 2427 has
474 2379 535 2426 been
549 2377 616 2425 often
631 2377 707 2425 found
722 2393 737 2424 a
750 2377 870 2438 prophecy
880 2377 908 2424 of
922 2376 1011 2432 Christ,
1028 2377 1127 2436 turning

231 2458 264 2516 by
280 2457 318 2503 his
332 2455 487 2505 resurrection
502 2453 543 2502 the
557 2453 628 2516 night
644 2453 672 2501 of
685 2467 769 2501 sorrow
786 2453 822 2500 for
836 2453 875 2500 his
889 2452 1003 2514 disciplet
1018 2453 1070 2498 into
1084 2450 1127 2499 the

231 2533 342 2593 morning
356 2531 384 2580 oi
399 2531 453 2589 joy.
483 2529 553 2580 Thus
568 2530 717 2590 Augustino,
734 2530 773 2592 (ἐπ
789 2528 845 2590 loo.)
864 2529 917 2576 who
935 2529 1020 2578 carries
1036 2542 1067 2574 on
1086 2527 1126 2576 his

231 2607 335 2670 thought
345 2617 369 2655 to
380 2615 420 2670 yet
435 2605 534 2656 another
543 2607 656 2667 morning
665 2605 693 2653 of
703 2605 756 2666 joy,
770 2605 831 2652 after
847 2620 862 2652 a
876 2613 917 2664 yet
926 2605 1010 2666 longer
1020 2605 1092 2666 night
1101 2605 1130 2652 ol

231 2685 356 2745 weepingr
378 2684 540 2743 Matutinum,
560 2697 610 2745 quo
630 2681 760 2730 exsultatio
779 2681 956 2730 resurrectionis
976 2681 1058 2730 futura
1080 2689 1126 2740 est,
1191 2677 1195 2683 '

232 2775 285 2820 que
301 2762 326 2808 in
341 2761 462 2810 matutini
475 2759 577 2810 Domini
592 2759 761 2810 resurrectione
776 2757 912 2820 praefloruit.
