2512 4016
239 547 861 652 'mmmmmm.

468 828 721 838 -———--—

275 1041 414 1100 XXXV.
456 1039 513 1098 DE
540 1037 706 1096 SPIRITU
734 1037 903 1096 SANCTO.

488 1213 684 1224 -..-—---

400 1339 464 1398 UX
481 1339 618 1415 jucunda,
640 1339 691 1396 lux
712 1336 839 1416 insignio,

419 1435 486 1504 Quo
506 1434 540 1492 dc
560 1434 661 1491 throno
681 1433 785 1492 missus
804 1432 877 1511 ignis

339 1529 376 1588 In
396 1529 504 1589 Christi
524 1529 685 1606 discipuloS,

339 1623 433 1682 Corde
453 1624 551 1701 replet,
572 1624 684 1699 linguon
703 1623 788 1697 ditat,

339 1717 388 1776 Ad
409 1717 557 1777 concordes
575 1739 627 1776 nos
647 1717 751 1777 invitet

338 1812 467 1889 Linguae,
488 1810 588 1884 cordis,
609 1811 749 1868 modulos.

340 1995 471 2057 Christus
491 1994 569 2054 misit
589 1995 665 2090 quod
685 1996 824 2073 promisit,

340 2091 448 2168 Pignus
468 2109 576 2168 sponsae
596 2110 683 2168 quom
703 2091 800 2150 revisit

189 2427 304 2476 XXXV.
321 2428 483 2486 Glichtcveuc,
496 2430 619 2478 Elucidct.
631 2432 766 2492 Ecclec.‚p.
779 2431 822 2484 177
830 2449 837 2490 3
851 2430 948 2490 Daniel,
964 2433 1035 2480 Ther.

145 2504 274 2563 Hymnol„
285 2517 308 2553 v.
319 2505 342 2559 2,
353 2519 377 2565 p.
390 2504 427 2557 71.

188 2583 211 2630 2.
241 2581 328 2628 rui-reue
341 2582 418 2643 tyrcio]
450 2581 581 2630 Durendus
597 2582 747 2646 (Rationem,
763 2582 781 2630 1.
793 2583 814 2640 6,
825 2597 845 2631 c.
864 2583 918 2644 1⁰7)
935 2584 990 2631 tells
1006 2601 1034 2632 uc

144 2656 227 2704 thetin
243 2671 291 2704 wer
306 2665 442 2717 customary
452 2666 477 2704 to
487 2667 573 2705 tcetter
582 2658 624 2706 tire
635 2659 695 2705 from
705 2672 737 2705 cn
747 2657 808 2718 high
818 2657 844 2704 in
854 2657 895 2705 the
904 2657 993 2705 church
1003 2673 1034 2706 on

145 2731 186 2779 the
203 2731 251 2792 day
267 2732 296 2780 ot
309 2732 449 2789 Pentecoste
466 2733 514 2780 end
530 2733 561 2781 he
576 2737 643 2794 gives
659 2733 700 2780 the
714 2733 869 2794 explanation
885 2732 913 2780 of
924 2731 973 2781 thie
988 2735 1035 2782 end

144 2808 212 2856 other
221 2809 313 2857 similer
327 2810 452 2871 practices,
462 2825 489 2858 ec
504 2811 545 2858 the
558 2810 645 2870 letting
659 2810 724 2856 looee
739 2808 768 2856 cf
779 2809 869 2857 dores:
885 2809 955 2858 Tunc
970 2812 1034 2858 enirn

145 2898 176 2931 ex
187 2883 237 2931 nito
249 2885 314 2945 ignis
328 2885 462 2946 projicitur,
473 2887 530 2946 quie
546 2885 650 2946 Spiritus
669 2885 770 2932 Sanctus
786 2885 908 2933 descendit
922 2888 948 2934 in
963 2888 1035 2936 dicei·

145 2958 216 3020 pulos
226 2961 252 3006 in
262 2961 340 3021 igneis
350 2961 453 3022 linguis.
484 2960 525 3007 He
534 2960 578 3007 hec
587 2960 688 3007 omitted
698 2960 808 3008 however
822 2976 870 3022 euy
878 2962 997 3012 reference
1011 2974 1036 3011 to

145 3037 187 3085 the
202 3038 270 3086 other
284 3053 386 3099 pernego
401 3039 426 3084 in
442 3038 563 3098 Scripture
581 3037 683 3084 without
698 3037 777 3085 which
794 3038 842 3086 thir
854 3048 946 3087 curtom
956 3041 1035 3088 would

145 3117 250 3175 ecereely
260 3117 321 3164 heve
332 3116 406 3164 found
416 3115 494 3176 place,
506 3114 553 3161 end
564 3115 642 3162 which
657 3115 679 3162 ic
689 3129 814 3175 necessary
824 3124 848 3163 to
861 3117 980 3178 complete
995 3118 1034 3165 the

90 3177 94 3184 ⁸
145 3191 354 3252 explanation-I
369 3204 439 3237 mean
455 3189 518 3237 Rev.
534 3191 587 3237 viii.
603 3194 618 3237 o
634 3190 759 3251 (volgor
781 3189 815 3238 Et
829 3195 922 3254 occepit
936 3194 1035 3254 angelus

146 3268 306 3327 thuribulum,
318 3278 342 3316 et
352 3267 464 3329 implevit
480 3265 543 3313 illud
554 3266 584 3314 de
594 3268 650 3328 igne
660 3269 751 3330 alteris,
764 3268 850 3330 [altare
860 3285 958 3318 aureum
970 3271 1034 3331 quod

69 3329 75 3342 ⁸
146 3355 182 3392 cet
197 3353 253 3393 ente
269 3345 380 3393 thronum
395 3343 453 3400 Dei,
469 3357 518 3390 ver.
533 3342 559 3404 3]
576 3353 600 3391 et
614 3345 681 3392 misit
701 3345 726 3392 in
747 3356 849 3405 terrem3
865 3359 888 3396 et
902 3349 965 3394 fecte
980 3357 1035 3393 cunt

147 3422 251 3468 tonitruo
261 3431 284 3469 et
294 3435 364 3470 roceo
373 3429 397 3469 et
406 3420 505 3482 fulgure
515 3427 539 3467 et
549 3429 695 3470 terremotus
706 3437 815 3483 magnus.
