2516 4012
313 310 498 362 senonum
515 311 558 356 mr
576 309 696 355 nereos
713 310 864 355 seorsus.
967 289 1031 354 105

295 458 446 537 Myrrham
465 461 568 536 ferunt,
588 460 665 535 thus,
686 465 714 520 et
734 479 846 534 summ,

296 553 367 614 Plus
386 562 543 632 pensantes,
566 553 654 634 qu‘sm
673 555 848 628 thesaurum,
994 559 1032 611 20

296 647 421 726 lypum,
432 651 495 710 sub
515 669 572 728 quo
592 648 713 720 veritas3

294 742 382 802 Trina
402 744 484 818 dona,
504 750 561 803 tres
579 743 697 822 figure:

295 838 360 897 Rex
379 839 410 898 in
429 859 508 914 auro,
528 840 607 899 Deus
626 839 658 897 in
675 839 769 914 thure,

294 934 331 992 In
351 935 467 1012 mynht
485 933 654 994 mortalitas.

295 1125 399 1186 Thuris
418 1127 487 1186 odor
506 1127 661 1202 Deitetem,

297 1220 372 1280 Auri
392 1221 523 1299 splendor
542 1222 710 1300 dignitatem

296 1315 412 1394 Regalis
430 1316 581 1394 potentiae:

295 1409 417 1488 Myrrha
435 1431 499 1470 oaro
520 1412 616 1472 Verbo
635 1419 736 1490 nupto,

296 1505 352 1564 Per
371 1505 449 1583 quod
467 1513 563 1565 manet
583 1507 746 1584 incorrupta

297 1598 371 1658 Osro
390 1618 486 1659 carens
506 1599 587 1659 cerie.

295 1789 341 1849 Tu
360 1809 421 1865 nos,
442 1790 565 1867 Christe,
585 1792 622 1851 ab
641 1792 695 1851 heo
715 1791 787 1851 velle

296 1885 362 1945 Duo
382 1885 419 1944 sd
439 1885 527 1945 vitam
549 1892 625 1945 reoto
645 1886 714 1945 calle

295 1980 351 2040 Per
370 2001 468 2060 regum
489 1980 616 2060 vestigia.

296 2075 358 2134 Ubi
378 2076 482 2151 Patris,
504 2075 554 2135 ubi
574 2076 639 2152 Tui,

295 2170 335 2230 Et
354 2171 471 2230 Amoris
490 2171 577 2246 Sacri,
596 2172 653 2231 frui

297 2266 459 2327 Mereamur
477 2267 575 2346 glorit.
616 2267 720 2328 Amen.

182 2578 219 2625 36.
251 2576 305 2625 The
322 2577 449 2641 following
464 2579 534 2640 lines,
552 2579 670 2642 blending
687 2581 739 2628 into
759 2595 774 2627 s
791 2579 870 2641 single
892 2586 974 2626 stanes
992 2579 1034 2627 the

139 2653 238 2701 tyofold
254 2653 355 2715 homage
370 2655 399 2703 of
413 2655 455 2703 the
470 2655 562 2704 Jewish
574 2656 705 2718 shepherds
723 2656 770 2704 end
785 2655 826 2704 the
843 2655 940 2703 Gentilo
955 2670 1033 2717 seges,

138 2744 200 2778 were
210 2740 278 2791 great
288 2731 419 2780 sevourites
429 2741 454 2780 at
463 2733 511 2780 and
524 2733 585 2782 efter
595 2734 636 2782 the
646 2732 821 2782 Reformstion.
843 2730 914 2792 'l'hey
921 2731 982 2779 form
992 2732 1034 2780 the

137 2807 190 2854 first
200 2817 281 2855 stanin
294 2808 322 2856 of
334 2823 349 2856 o
359 2808 435 2870 hymn
446 2808 526 2857 which
536 2811 595 2870 only
605 2809 705 2858 consisto
714 2807 743 2856 oi
754 2816 809 2864 two,
821 2807 869 2855 end
881 2807 970 2868 belong
979 2822 1034 2869 pro-

136 2883 214 2943 bebly
221 2891 246 2930 to
253 2882 295 2930 the
304 2882 440 2933 fourteenth
454 2893 560 2945 century.
591 2884 743 2948 (Rombeeh,
754 2883 855 2932 Antlot
869 2882 970 2933 corion.
983 2885 1033 2933 Ge-

137 2957 224 3018 sis‘nge,
240 2973 264 3019 p.
276 2959 344 3020 m.)

389 3043 455 3088 Quem
466 3047 556 3091 putores
567 3041 682 3089 nudavere,

390 3106 469 3152 Qullm
480 3105 547 3154 engeli
558 3105 635 3152 dixere,

390 3166 470 3206 “Absit
480 3167 538 3220 noble
547 3168 592 3215 Jnm
603 3165 688 3208 timere·

389 3231 456 3271 Notus
466 3237 497 3272 est
509 3231 554 3271 Rex
565 3232 646 3281 glorie:

392 3297 426 3335 sd
437 3307 498 3346 quem
512 3307 567 3346 reges
579 3297 720 3346 ambulabant,

389 3362 478 3409 Aumm,
490 3362 545 3408 thus,
558 3362 663 3411 myrrham
675 3364 795 3413 portsbnutz

392 3425 444 3465 Haeo
454 3425 533 3465 sineere
544 3426 680 3468 immolabant

390 3485 454 3528 laonl
465 3487 562 3528 vlotorlse.
