2486 4006
236 291 405 336 oannronn
423 292 465 336 nn
484 291 616 335 ouumrs
634 291 849 334 uoennsrmus.
924 273 989 336 303

213 439 431 519 Tympanizant,
453 440 630 512 citharizant,
973 446 990 496 5

213 537 323 595 Volant
341 537 403 609 alis,
424 543 501 596 etant
521 537 551 595 in
570 535 661 609 scalis,

213 631 322 690 Sonant
341 630 423 704 nolis,
443 629 553 707 fulgent
573 628 652 688 stolis
768 657 820 693 af

215 727 320 786 Coram
341 728 453 784 summa
473 725 621 784 Trinitate.

214 823 363 883 Clamant:
386 823 516 889 Sanctus,
538 822 667 895 Sanetua,
688 822 827 889 Sanotne3

213 919 302 997 Fugit
322 918 410 986 dolor,
432 925 521 977 cessat
540 918 671 996 planatus
957 925 994 974 10

213 1016 251 1073 In
270 1012 392 1092 superni
413 1015 536 1074 civitate.

116 1144 117 1148 =
214 1111 338 1170 Conoors
356 1131 415 1169 vox
435 1117 478 1170 est
498 1111 636 1178 omnium,

214 1206 310 1265 Deum
330 1207 569 1276 collaudantium

214 1299 317 1360 Fervet
336 1321 416 1359 arnor
435 1301 585 1376 mentium,

215 1395 300 1456 Clare
322 1396 518 1457 contuentium
958 1405 992 1454 15

214 1490 335 1550 Beatam
346 1478 527 1551 Trinitatem'
543 1492 573 1550 in
593 1495 649 1550 unia
670 1492 802 1561 Deiota

215 1588 312 1657 Quam
332 1589 451 1647 adorant
471 1588 622 1667 Seraphim

215 1682 348 1742 Ferventi
368 1683 398 1741 in
418 1702 521 1757 amore,

215 1777 395 1837 Venerantur
415 1775 572 1836 Cherubim

217 1871 330 1949 Ingenti
350 1871 403 1930 snb
424 1871 545 1941 honore;
955 1885 993 1936 20

217 1965 360 2026 Mirantur
378 1965 463 2024 nimie
483 1967 590 2025 Throni
610 1968 644 2026 de
663 1972 744 2027 tanth
763 1971 918 2046 majestate.
1076 1997 1191 2052 s

257 2133 283 2191 Ο
304 2130 392 2210 quam
412 2132 546 2211 praeelara
564 2135 651 2213 regio,

217 2228 257 2287 Et
277 2228 365 2307 quim
386 2230 484 2288 decora
503 2230 577 2307 legio

218 2325 264 2383 Ex
284 2325 391 2404 angelis
410 2332 438 2386 et
458 2326 638 2388 hominibus!

218 2423 245 2481 Ο
265 2422 386 2502 gloriosa
406 2423 516 2498 civitas,

218 2520 254 2577 In
274 2522 331 2598 qua
351 2539 463 2577 summa
482 2520 683 2598 tranquillitas,

218 2616 284 2674 Lux
304 2622 333 2674 et
353 2635 411 2691 pax
431 2616 459 2673 in
481 2616 589 2674 cunctis
609 2616 730 2675 finibus!

218 2709 305 2769 Cives
323 2709 411 2785 hujus
430 2709 556 2768 civitatis

221 2804 310 2863 Veste
329 2803 422 2863 nitent
442 2803 590 2877 eastitatis,

218 2899 324 2976 Legem
344 2905 441 2959 tenent
460 2899 595 2967 caritatis,

219 2996 350 3054 Firmum
369 3003 486 3075 pactum
507 2995 634 3054 unitatis.

220 3090 288 3149 Non
307 3090 445 3163 laborant,
466 3088 507 3147 nil
526 3089 657 3167 ignorant
667 3113 676 3160 ;

220 3189 289 3246 Non
307 3193 464 3259 tentantur,
483 3206 533 3244 neo
553 3194 711 3245 vexantur:

220 3283 336 3360 Semper
356 3281 424 3350 sani,
445 3301 554 3358 semper
573 3281 639 3354 laeti,

221 3378 340 3439 Cunctis
359 3375 439 3435 bonis
460 3381 527 3435 sunt
547 3376 653 3454 repleti.

435 3515 613 3527 Ἢ,-
623 3522 675 3530 μή*
