2516 4012
407 267 442 311 IN
457 268 607 312 Pssslortn
626 269 754 315 DOMINI.

294 411 368 473 Cum
388 413 525 474 deductus
543 422 585 475 est
604 417 764 489 immensus,

294 509 333 568 Et
352 509 382 568 in
402 531 482 568 cruce
502 516 569 570 tunc
590 533 748 590 suspensus,

293 605 438 682 Fugerunt
457 605 595 684 discipuli.

292 701 405 775 Manus,
426 701 510 780 pedes
529 705 719 781 perfoderunt,

291 793 331 851 Et
350 801 429 852 aceto
449 802 618 872 potaverunt

292 889 441 948 Summum
463 892 568 969 Regem
589 894 683 952 saeculi
693 919 702 966 ,·

289 1077 381 1155 Cujus
401 1079 474 1137 oculi
494 1080 569 1139 beati

290 1173 362 1231 Sunt
381 1172 411 1230 in
430 1194 510 1232 cruce
529 1175 678 1250 obscurati,

288 1267 327 1324 Et
347 1267 444 1326 vultus
464 1269 618 1346 expalluit:

288 1361 345 1420 Suo
365 1364 473 1440 corpori
493 1370 561 1423 tunc
581 1367 657 1426 nudo

289 1455 356 1513 Non
376 1459 508 1517 remansit
528 1461 698 1537 pulcritudo,

288 1550 380 1610 Decor
400 1553 490 1612 omnis
509 1555 628 1633 aufugit.

288 1742 347 1811 Qui
366 1743 426 1801 haec
446 1744 536 1819 audie,
556 1746 712 1824 ingemisce,

287 1837 327 1896 Et
347 1837 377 1896 in
396 1839 459 1897 istis
479 1839 624 1916 planctum
644 1839 736 1915 misce,

287 1935 327 1993 Et
346 1935 436 1993 cordis
456 1936 623 1996 moestitias:

286 2030 397 2107 Corpus
416 2051 497 2109 ange,
517 2033 598 2090 corde
617 2034 726 2112 plange,

285 2126 412 2185 Mentem
432 2128 536 2206 frange,
556 2149 642 2189 manu
660 2137 744 2210 tange

285 2221 393 2281 Christi
411 2223 510 2282 mortis
529 2224 659 2284 sevitias.

285 2413 388 2471 Virum
408 2415 513 2492 respice
533 2417 670 2492 dolorum,

284 2511 324 2568 Et
343 2511 526 2571 novissimum
546 2513 680 2588 virorum,

286 2604 398 2664 Fortem
418 2607 455 2665 ed
475 2607 620 2684 supplicio.

285 2699 350 2757 Tibi
369 2706 482 2777 gratum
502 2701 539 2759 sit
558 2707 586 2759 et
606 2722 719 2780 aequum

284 2793 350 2852 Jam
370 2795 399 2852 in
419 2816 499 2856 cruce
518 2797 589 2854 mori
609 2817 711 2874 secum,

284 2886 418 2965 Compati
438 2889 570 2974 convicio.

173 3115 210 3161 35.
239 3115 329 3177 tecum]
360 3117 405 3164 All
415 3133 454 3164 are
464 3132 539 3164 strare
547 3117 599 3164 thot
609 3118 673 3166 there
684 3135 731 3182 are,
743 3138 801 3172 even
812 3127 837 3173 in
848 3128 888 3175 the
902 3130 975 3179 Latin
986 3135 1013 3180 of

129 3191 170 3238 the
180 3192 232 3237 best
242 3205 296 3252 ege,
307 3206 372 3240 some
382 3192 457 3253 slight
467 3193 633 3253 anticipatione
643 3195 670 3242 of
679 3196 718 3244 the
728 3199 844 3264 breaking
856 3203 924 3252 down
936 3208 964 3254 of
971 3197 1012 3254 the

129 3265 266 3313 distinction
282 3267 386 3314 between
398 3267 438 3314 the
447 3268 630 3317 demonstrative
644 3271 691 3318 and
702 3274 742 3321 the
752 3275 870 3327 reflectire
884 3295 1011 3340 pronouns.

130 3344 139 3400 (
145 3341 256 3401 Zumpt's
267 3341 324 3389 Lat.
336 3341 453 3400 Gramen,
464 3342 478 3402 ξ
490 3342 555 3403 tot.)
586 3343 616 3392 In
626 3346 746 3396 medievol
757 3350 828 3398 hetin
839 3353 895 3413 they
906 3370 944 3403 ste
955 3371 1009 3404 con-

129 3416 231 3474 tinuslly
242 3415 399 3472 confounded,
412 3415 458 3462 end
469 3416 510 3465 the
524 3417 641 3469 reflective
656 3432 700 3483 put
714 3425 806 3474 instead
820 3429 847 3474 of
857 3429 897 3476 the
912 3431 1009 3478 demun-

129 3495 233 3553 strstive,
243 3509 269 3542 ss
279 3494 342 3554 here,
354 3494 401 3542 and
412 3496 482 3557 again
493 3497 518 3542 in
528 3496 568 3545 the
583 3509 642 3547 next
651 3510 737 3549 stante.
