2486 4006
336 236 417 281 naus
434 236 565 280 Parrum
584 235 753 280 omnesne.
920 217 984 284 287

94 388 175 446 Tunc
194 384 248 446 erit
268 384 400 444 omnibus
419 383 633 463 inspicientibus
654 404 703 444 ora
723 382 862 444 Tonantis

94 483 213 542 Summa
232 481 369 560 potentia,
389 480 473 558 plena
492 478 617 552 scientia,
636 499 696 557 pax
714 479 764 556 pie
782 479 904 550 mactis5
947 487 986 538 20

93 577 158 636 Pax
178 575 237 636 eine
257 575 381 651 crimine,
402 595 460 654 pax
479 572 539 633 sine
558 573 680 643 turbine,
703 595 762 651 pax
781 574 840 634 sine
859 575 930 649 rixi,

93 673 175 732 Meta
193 672 347 739 laboribus,
368 676 454 748 atque
473 668 647 729 tumultibus
667 670 789 729 anchora
808 669 877 730 fixa.

94 769 166 828 Pars
184 788 249 828 mea
269 769 334 827 Rex
353 787 442 841 meus,
462 766 493 825 in
512 766 626 846 proprio
646 766 726 826 Deus
745 768 805 845 ipse
825 767 921 827 decore

95 863 185 922 Visus
204 862 357 936 amabitur,
378 868 464 941 atque
483 860 627 921 videbitur
646 863 758 922 Auctor
776 862 807 920 in
827 883 881 920 ore

94 957 175 1016 Tunc
194 958 285 1016 Jacob
305 955 404 1024 Iera’el,
425 962 455 1014 et
473 955 528 1014 Lia
546 962 616 1015 tunc
636 957 744 1016 Rachel
762 957 905 1033 efficietur,
949 966 986 1018 25

94 1051 175 1110 Tunc
195 1051 274 1129 Syon
294 1050 368 1110 atria
386 1050 541 1129 pulcraque
560 1050 654 1129 patria
672 1050 841 1130 perficietur.

138 1387 176 1434 tt.
210 1385 281 1434 rano
289 1388 366 1436 Jacob
377 1387 472 1450 Isra'e'l]
503 1387 558 1436 The
571 1387 664 1446 earthly
674 1399 731 1433 man
742 1383 806 1432 shall
819 1397 875 1446 pass
885 1385 937 1431 into
946 1385 987 1432 the

94 1460 219 1522 heavenly‚
230 1476 257 1510 as
270 1462 348 1512 Jacob
364 1465 462 1512 became
476 1463 560 1521 Israel,
576 1462 624 1509 and
639 1464 665 1508 in
680 1462 734 1521 sign
750 1459 778 1507 of
790 1459 831 1506 the
841 1473 893 1507 new
903 1469 988 1508 natme

93 1537 203 1585 received
217 1538 258 1586 the
272 1553 324 1586 new
338 1554 416 1588 neme.
447 1537 587 1598 According
601 1547 626 1586 to
641 1536 782 1597 Angustiae
804 1536 896 1596 (serm.
920 1537 987 1598 122)

95 1611 296 1661 lsrael=Videns
315 1614 405 1672 Deum,
422 1612 501 1661 vhich
514 1615 582 1675 gives
595 1627 626 1661 an
644 1611 777 1660 additional
791 1610 872 1658 limem
883 1619 908 1658 to
920 1611 988 1660 these

94 1689 238 1737 words-et
249 1691 298 1736 Lia
306 1695 365 1737 tarto
372 1689 478 1751 Rachel]
499 1689 523 1736 It
531 1689 575 1737 has
585 1691 647 1736 been
657 1688 772 1736 observed
782 1687 878 1748 already
886 1690 923 1751 (p.
930 1691 988 1749 206)

94 1765 148 1812 that
163 1765 231 1813 heah
246 1766 294 1813 and
310 1766 401 1814 Rachel
417 1774 545 1828 represent,
554 1765 721 1826 respectively,
732 1765 774 1811 the
789 1764 866 1812 active
881 1764 929 1811 aad
945 1764 987 1813 the

94 1842 278 1903 contemplative
289 1841 412 1889 Christian
425 1841 479 1889 lite.
511 1842 578 1889 heah
592 1841 719 1901 becoming
731 1839 825 1887 Rachel
835 1840 856 1887 is
866 1840 907 1888 the
917 1841 988 1890 sval-

93 1917 183 1978 leving
192 1933 227 1981 up
236 1920 264 1968 of
276 1920 318 1968 the
331 1920 453 1968 laborious
467 1921 545 1968 active
559 1921 585 1966 in
600 1918 641 1966 the
655 1931 721 1965 more
735 1916 867 1978 delightr‘ul
881 1925 987 1965 contem·

93 1992 193 2054 plative,
204 1995 230 2041 in
245 1995 299 2042 that
307 1996 385 2043 vision
400 1996 428 2043 of
441 1995 496 2043 God
507 1994 610 2043 wherein
625 1993 660 2040 all
673 1993 824 2041 blessedness
834 1994 856 2040 is
864 1993 987 2044 included.

95 2067 134 2115 Gi.
152 2071 300 2131 Angustine,
317 2071 377 2119 Coa.
397 2072 496 2128 Faust,
513 2070 532 2117 l.
548 2071 586 2126 22,
603 2083 624 2116 c.
639 2069 744 2125 tt-at3
762 2068 811 2115 end
825 2067 903 2130 Hugh
918 2069 947 2116 ot‘
959 2071 987 2119 St

13 2151 17 2157 “
95 2142 179 2191 Victor
192 2145 321 2207 (Miscell,
332 2146 350 2194 1.
363 2145 501 2207 1,ttr.79)=
516 2145 578 2192 Due
588 2157 677 2192 sorores
691 2143 751 2191 duas
764 2144 826 2191 vitas
841 2145 986 2207 significant.

94 2219 150 2278 hia,
164 2235 217 2280 que
227 2221 394 2281 interpretatur
407 2222 534 2281 laboriose,
544 2219 665 2281 significat
675 2220 749 2266 vitam
759 2220 872 2282 activam,
883 2236 937 2282 que
951 2233 987 2272 est

93 2293 204 2344 t'oecunda
215 2298 241 2343 in
253 2295 333 2345 fructu
342 2298 400 2345 boni
410 2299 496 2359 operis,
508 2298 549 2346 ted
563 2311 649 2358 perum
659 2295 724 2344 videt
735 2296 761 2344 in
772 2296 827 2345 luce
839 2301 986 2360 centupla·

93 2371 175 2420 tionis.
191 2371 292 2434 Rachel,
300 2388 353 2433 que
362 2365 529 2435 interpretatui
539 2374 618 2420 visum
628 2372 783 2433 principium,
793 2370 904 2434 designat
912 2375 986 2424 vitam

94 2446 312 2510 contemplativam,
330 2462 383 2508 que
400 2458 437 2496 est
453 2449 541 2496 sterilis
558 2447 615 2495 foris
629 2447 656 2492 in
669 2460 749 2507 opere,
764 2446 806 2494 sed
818 2449 944 2512 perspicax
960 2452 987 2498 in

9 2575 10 2580 p
94 2524 301 2586 contemplatione.
334 2525 365 2572 In
380 2525 419 2573 his
433 2525 528 2573 duabus
538 2526 595 2573 vitis
611 2524 681 2584 qnasi
697 2522 806 2583 quedam
821 2527 940 2576 contentio
951 2537 987 2575 est

94 2602 179 2648 anime
190 2610 277 2650 sancte
288 2602 423 2650 alternatim
438 2604 537 2651 nitentis
552 2601 584 2649 ad
599 2601 739 2662 amplexum
754 2600 841 2662 Sponsi
850 2603 896 2661 sui,
905 2604 931 2650 id
940 2615 985 2664 est,

95 2675 194 2738 Christi,
205 2679 328 2739 sapientie
338 2678 452 2727 videlicet
466 2679 522 2728 Dei.
553 2677 707 2728 contendunt
717 2691 773 2738 ergo
783 2679 953 2740 contemplatio
963 2691 987 2728 et
1045 2695 1047 2702 ’

94 2753 156 2800 actio
165 2768 209 2816 pro
218 2754 333 2815 amplexu
348 2755 479 2817 sapientie.
510 2754 561 2813 Qui
575 2754 600 2800 in
614 2752 813 2814 contemplatione
828 2764 871 2814 est,
882 2757 987 2818 suspirat

94 2842 137 2889 pro
147 2830 271 2877 sterilitate
286 2831 378 2890 operite
398 2831 476 2891 quiin
487 2844 557 2891 opere
568 2837 612 2887 est,
623 2829 728 2890 suspirat
736 2843 780 2891 pro
790 2828 871 2887 jubilo
881 2839 987 2879 contem.

94 2903 215 2964 plationis.
247 2904 327 2953 There
337 2905 359 2953 is
369 2921 383 2953 a
393 2905 498 2954 sublime
508 2917 609 2966 passage
620 2904 678 2950 with
689 2903 768 2950 which
778 2905 919 2964 Augustine
929 2921 985 2955 con-

95 2979 176 3027 cludes
186 2980 224 3027 his
235 2980 404 3040 Commentary
415 2993 479 3042 upon
494 2981 522 3028 St
537 2979 613 3034 Jahn,
625 2981 651 3026 in
661 2979 740 3028 which
754 2979 786 3028 he
795 2980 879 3030 makes
890 2982 930 3031 the
939 2994 986 3033 two

95 3056 206 3117 apostles,
224 3056 295 3105 Peter
309 3055 357 3104 and
372 3056 450 3113 John,
464 3058 490 3104 in
505 3056 555 3104 like
571 3070 670 3103 manner
684 3065 709 3104 to
723 3065 844 3118 represent
858 3058 925 3108 these
939 3070 986 3110 tva

94 3132 162 3179 lives.
193 3131 218 3179 It
232 3133 318 3193 begins
333 3132 404 3180 thus:
421 3132 489 3182 Duas
504 3133 586 3194 itaque
601 3133 663 3180 vitas
676 3133 724 3182 sibi
737 3133 854 3181 divinitus
869 3135 985 3196 predica·

94 3216 131 3254 tas
141 3216 165 3254 et
174 3207 351 3256 commendatas
359 3209 426 3256 novit
437 3208 554 3266 Ecclesia,
569 3223 671 3271 quarum
684 3217 719 3257 est
734 3224 782 3257 una
797 3209 890 3270 infide,
902 3215 985 3261 unain

94 3283 187 3344 speeiet
204 3298 252 3331 una
267 3285 293 3331 in
306 3293 411 3344 tenpore
428 3284 633 3346 peregrinationis,
644 3284 718 3332 alters
732 3285 758 3331 in
774 3285 904 3333 eternitate
918 3301 987 3335 men.

94 3360 184 3417 simu,
199 3374 248 3409 uns
258 3361 283 3407 in
293 3361 381 3422 labare,
392 3359 467 3408 altera
477 3363 503 3407 in
513 3361 609 3422 requie3
624 3375 673 3409 una
683 3363 708 3409 in
719 3362 767 3422 vlt,
778 3362 853 3410 altera
863 3363 888 3409 in
899 3367 984 3427 pettit,

94 3449 141 3483 uns
151 3436 256 3498 inopere
266 3436 374 3492 maenis,
385 3437 460 3485 altera
469 3437 496 3485 in
505 3437 613 3486 mercede
623 3437 839 3499 contemplationis.
