2486 4006
557 282 759 332 ulmmnn.

408 433 465 494 Sed
483 434 537 494 hoc
555 452 632 496 anuo
650 435 825 507 dimittatur,

413 531 597 608 stercoretur,
617 533 761 606 iodicium

408 627 495 698 Quod
514 627 539 687 oi
558 629 680 688 necdum
699 631 890 708 respondebit,

407 723 493 787 Fleuo
511 723 565 782 hoc
584 725 694 803 loquor,
713 731 784 784 tuno
803 725 925 786 ardebit.

409 817 504 877 Vetus
522 819 612 878 hostio
631 819 662 878 in
681 839 728 878 ma
747 821 827 894 furii,

405 915 502 994 Aquis
520 923 635 990 morati,
654 915 778 976 demmin
797 915 875 977 urit:

406 1011 478 1070 Indo
497 1011 634 1089 languens
653 1017 682 1070 et
701 1011 824 1072 afflictus

407 1105 474 1166 Tibi
493 1106 546 1166 ooli
565 1125 630 1164 oum
650 1105 773 1166 relicino.

406 1201 452 1261 Ut
470 1200 601 1260 infirmos
620 1200 807 1275 convalescat,

404 1296 450 1356 Ut
469 1297 516 1356 hic
535 1297 626 1356 hosts
644 1302 804 1371 evanescat,

405 1391 450 1451 Tu
472 1392 607 1451 virtutem
624 1391 774 1470 jejunandi

390 1489 465 1572 ,Des
485 1487 607 1556 infirmo,
629 1486 678 1546 dea
698 1485 816 1548 orandi:

402 1583 458 1643 Por
476 1585 537 1643 lraec
557 1582 623 1658 duo,
645 1581 761 1642 Christo
780 1587 860 1658 tecte,

402 1677 557 1738 Liberabor
576 1679 613 1737 ab
633 1679 686 1736 hdo
705 1685 785 1756 peste
795 1702 805 1751 ;

404 1775 455 1836 Ab
474 1776 528 1834 hio
547 1780 625 1854 peste
645 1774 722 1835 solve
741 1779 875 1850 mentem,

401 1873 460 1932 Fac
480 1873 625 1947 devotum,
646 1870 832 1950 poenitentem
842 1895 851 1945 ;

401 1967 450 2028 Da
469 1968 610 2042 timorem,
630 1989 687 2047 quo
707 1969 843 2047 projecto,

401 2064 447 2123 De
466 2064 558 2123 salute
577 2065 617 2122 nil
637 2064 781 2142 conjecto;

401 2162 450 2221 Da
469 2160 564 2234 fidem,
586 2179 675 2238 apem,
695 2159 863 2232 caritatem

400 2255 449 2314 Da
468 2253 618 2312 discretam
638 2255 796 2331 pietatem

400 2351 449 2410 De
468 2354 671 2426 contemptum
684 2355 870 2424 terrenorum,

399 2443 573 2523 Appetitum
591 2463 787 2521 supernorum.

248 2778 298 2826 141.
322 2778 365 2824 Do
375 2777 494 2840 timorem]
512 2776 574 2823 Thia
585 2776 633 2823 and
642 2775 684 2824 thc
693 2774 818 2838 following
827 2776 877 2824 line
888 2777 983 2823 contoin
993 2776 1101 2825 allusion

202 2860 235 2911 to,
253 2851 301 2899 end
316 2861 382 2900 must
400 2854 432 2901 be
449 2850 578 2914 explained
594 2852 636 2912 by,
658 2852 668 2898 l
685 2850 753 2900 John
769 2851 804 2899 iv.
821 2851 866 2899 18:
886 2850 996 2899 Perfecta
1012 2854 1101 2902 caritot

200 2929 263 2975 sorau
273 2927 349 2974 mittit
359 2928 478 2977 timorem.
509 2927 550 2974 lle
564 2925 620 2974 ooka
631 2927 667 2974 for
677 2927 719 2974 the
728 2926 780 2974 lear
790 2926 868 2974 which
878 2926 900 2974 io
914 2926 956 2975 the
966 2927 1102 2992 beginning

200 3003 228 3051 os
241 3001 351 3060 wiedom,
362 3003 407 3051 but
421 3003 470 3050 thlo
487 3003 545 3062 only
558 3017 585 3050 oa
598 3003 752 3064 introducing
770 3005 811 3052 the
826 3005 890 3065 lovc,
908 3005 986 3054 which
1001 3015 1026 3054 ct
1042 3006 1100 3067 laat,

201 3080 295 3140 mating
311 3086 354 3125 out
370 3077 411 3126 the
428 3078 487 3135 sear,
502 3078 566 3127 thail
581 3079 638 3139 give
653 3079 705 3126 him
721 3080 857 3130 conlidence
872 3083 961 3132 toward
977 3083 1033 3131 God
1049 3085 1099 3132 and

200 3168 326 3203 montaneo
338 3152 367 3200 os
378 3155 504 3202 salvation.
536 3153 606 3201 Thus
620 3155 762 3216 Augustino
774 3157 784 3217 (
790 3159 823 3204 la
835 3159 846 3205 l
859 3160 910 3221 Ep.
922 3159 981 3208 Jolt.
992 3160 1025 3207 iv.
1040 3161 1097 3221 18):

200 3231 269 3280 Sicut
281 3230 390 3278 videmur
404 3239 536 3291 pernetam
549 3230 669 3278 introduci
686 3233 774 3295 linum
791 3234 889 3295 quando
905 3235 999 3297 aliquid
1011 3237 1100 3296 suitur,

199 3314 250 3352 oeta
265 3306 334 3366 prius
350 3305 432 3362 intret,
449 3303 492 3350 aed
507 3306 555 3352 nial
572 3315 651 3364 exeat,
666 3321 714 3353 non
732 3308 840 3356 succedit
856 3309 952 3357 linumr
974 3309 1009 3356 oio
1026 3310 1101 3358 timor

198 3381 277 3438 primo
294 3388 396 3440 occupet
411 3387 525 3438 mentem,
541 3394 590 3426 non
604 3389 685 3428 autem
700 3383 737 3430 ibi
751 3393 859 3434 remanet
874 3387 953 3446 timor,
969 3386 1027 3446 quio
1042 3385 1099 3434 ideo

198 3455 304 3514 introvit,
319 3463 347 3502 ut
362 3453 521 3502 introduceret
535 3456 668 3504 canentem.
