<?xml version="1.0" encoding="UTF-8"?>
<!DOCTYPE html PUBLIC "-//W3C//DTD XHTML 1.0 Transitional//EN"
    "http://www.w3.org/TR/xhtml1/DTD/xhtml1-transitional.dtd">
<html xmlns="http://www.w3.org/1999/xhtml" xml:lang="en" lang="en">
 <head>
  <title>
</title>
<meta http-equiv="Content-Type" content="text/html;charset=utf-8" />
  <meta name='ocr-system' content='tesseract 3.04.00' />
  <meta name='ocr-capabilities' content='ocr_page ocr_carea ocr_par ocr_line ocrx_word'/>
</head>
<body>
  <div class='ocr_page' id='page_1' title='image "./sacredlatinpoet05trengoog_0190.png"; bbox 0 0 2512 4016; ppageno 0'>
   <div class='ocr_carea' id='block_1_1' title="bbox 337 290 1023 358">
    <p class='ocr_par' dir='ltr' id='par_1_1' title="bbox 337 290 1023 358">
     <span class='ocr_line' id='line_1_1' title="bbox 337 290 1023 358; baseline -0.007 0"><span class='ocrx_word' id='word_1_1' title='bbox 337 314 371 358; x_wconf 83' lang='lat' dir='ltr'>m</span> <span class='ocrx_word' id='word_1_2' title='bbox 388 311 522 357; x_wconf 69' lang='lat' dir='ltr'>uuonan</span> <span class='ocrx_word' id='word_1_3' title='bbox 539 310 684 356; x_wconf 78' lang='lat' dir='ltr'>smarnos</span> <span class='ocrx_word' id='word_1_4' title='bbox 701 311 823 355; x_wconf 75' lang='lat' dir='ltr'>senem.</span> <span class='ocrx_word' id='word_1_5' title='bbox 960 290 1023 354; x_wconf 80' lang='lat'>165</span> 
     </span>
    </p>
   </div>
   <div class='ocr_carea' id='block_1_2' title="bbox 158 659 991 724">
    <p class='ocr_par' dir='ltr' id='par_1_2' title="bbox 158 659 991 724">
     <span class='ocr_line' id='line_1_2' title="bbox 158 659 991 724; baseline -0.01 0"><span class='ocrx_word' id='word_1_6' title='bbox 158 663 302 724; x_wconf 90' lang='lat' dir='ltr'><strong>XXXII.</strong></span> <span class='ocrx_word' id='word_1_7' title='bbox 339 663 387 721; x_wconf 92' lang='lat' dir='ltr'>IN</span> <span class='ocrx_word' id='word_1_8' title='bbox 413 661 593 721; x_wconf 82' lang='lat' dir='ltr'><strong>LAUDEM</strong></span> <span class='ocrx_word' id='word_1_9' title='bbox 617 660 806 720; x_wconf 82' lang='lat' dir='ltr'><strong>SPIRITUS</strong></span> <span class='ocrx_word' id='word_1_10' title='bbox 832 659 991 720; x_wconf 80' lang='lat' dir='ltr'>SANCTI.</span> 
     </span>
    </p>
   </div>
   <div class='ocr_carea' id='block_1_3' title="bbox 139 999 1032 3287">
    <p class='ocr_par' dir='ltr' id='par_1_3' title="bbox 139 999 1032 3287">
     <span class='ocr_line' id='line_1_3' title="bbox 193 999 730 1088; baseline -0.006 -15"><span class='ocrx_word' id='word_1_11' title='bbox 193 1014 360 1074; x_wconf 85' lang='lat' dir='ltr'>PIRITUS</span> <span class='ocrx_word' id='word_1_12' title='bbox 380 1015 490 1088; x_wconf 85' lang='lat' dir='ltr'>Sancte,</span> <span class='ocrx_word' id='word_1_13' title='bbox 512 999 562 1072; x_wconf 88' lang='lat' dir='ltr'>Pie</span> <span class='ocrx_word' id='word_1_14' title='bbox 581 1011 730 1086; x_wconf 83' lang='lat' dir='ltr'>Paraclite‚</span> 
     </span>
     <span class='ocr_line' id='line_1_4' title="bbox 212 1109 1016 1187; baseline 0.001 -19"><span class='ocrx_word' id='word_1_15' title='bbox 212 1111 303 1169; x_wconf 87' lang='lat' dir='ltr'>Amor</span> <span class='ocrx_word' id='word_1_16' title='bbox 323 1111 417 1169; x_wconf 84' lang='lat' dir='ltr'>Patris</span> <span class='ocrx_word' id='word_1_17' title='bbox 436 1118 465 1170; x_wconf 91' lang='lat' dir='ltr'>et</span> <span class='ocrx_word' id='word_1_18' title='bbox 484 1110 560 1184; x_wconf 88' lang='lat' dir='ltr'>Filii,</span> <span class='ocrx_word' id='word_1_19' title='bbox 580 1130 670 1168; x_wconf 84' lang='lat' dir='ltr'>nexus</span> <span class='ocrx_word' id='word_1_20' title='bbox 690 1109 841 1187; x_wconf 85' lang='lat' dir='ltr'>Giguentis</span> <span class='ocrx_word' id='word_1_21' title='bbox 859 1117 888 1169; x_wconf 86' lang='lat' dir='ltr'>et</span> <span class='ocrx_word' id='word_1_22' title='bbox 908 1110 1016 1180; x_wconf 78' lang='lat' dir='ltr'>(leniti,</span> 
     </span>
     <span class='ocr_line' id='line_1_5' title="bbox 139 1206 1027 1286; baseline -0.001 -20"><span class='ocrx_word' id='word_1_23' title='bbox 139 1207 298 1286; x_wconf 76' lang='lat' dir='ltr'>Utriusque</span> <span class='ocrx_word' id='word_1_24' title='bbox 317 1207 429 1266; x_wconf 85' lang='lat' dir='ltr'>bonitas</span> <span class='ocrx_word' id='word_1_25' title='bbox 446 1215 476 1268; x_wconf 87' lang='lat' dir='ltr'>et</span> <span class='ocrx_word' id='word_1_26' title='bbox 491 1208 601 1276; x_wconf 85' lang='lat' dir='ltr'>caritas,</span> <span class='ocrx_word' id='word_1_27' title='bbox 618 1213 647 1266; x_wconf 88' lang='lat' dir='ltr'>et</span> <span class='ocrx_word' id='word_1_28' title='bbox 667 1206 814 1264; x_wconf 89' lang='lat' dir='ltr'>amborum</span> <span class='ocrx_word' id='word_1_29' title='bbox 831 1206 957 1266; x_wconf 77' lang='lat' dir='ltr'>essentia</span> <span class='ocrx_word' id='word_1_30' title='bbox 973 1227 1027 1285; x_wconf 93' lang='lat' dir='ltr'>pu·</span> 
     </span>
     <span class='ocr_line' id='line_1_6' title="bbox 216 1303 294 1377; baseline 0.013 -16"><span class='ocrx_word' id='word_1_31' title='bbox 216 1303 294 1377; x_wconf 84' lang='lat' dir='ltr'>ritus,</span> 
     </span>
     <span class='ocr_line' id='line_1_7' title="bbox 139 1399 660 1478; baseline -0.002 -20"><span class='ocrx_word' id='word_1_32' title='bbox 139 1399 316 1477; x_wconf 74' lang='lat' dir='ltr'>BenignitaS,</span> <span class='ocrx_word' id='word_1_33' title='bbox 336 1399 471 1474; x_wconf 86' lang='lat' dir='ltr'>suavitas,</span> <span class='ocrx_word' id='word_1_34' title='bbox 488 1400 660 1478; x_wconf 85' lang='lat' dir='ltr'>jocunditas,</span> 
     </span>
     <span class='ocr_line' id='line_1_8' title="bbox 140 1493 1029 1569; baseline 0.003 -18"><span class='ocrx_word' id='word_1_35' title='bbox 140 1494 297 1552; x_wconf 85' lang='lat' dir='ltr'>Vinculum</span> <span class='ocrx_word' id='word_1_36' title='bbox 320 1501 433 1553; x_wconf 88' lang='lat' dir='ltr'>nectens</span> <span class='ocrx_word' id='word_1_37' title='bbox 455 1495 550 1554; x_wconf 88' lang='lat' dir='ltr'>Deum</span> <span class='ocrx_word' id='word_1_38' title='bbox 576 1494 693 1569; x_wconf 77' lang='lat' dir='ltr'>homini,</span> <span class='ocrx_word' id='word_1_39' title='bbox 718 1493 809 1554; x_wconf 83' lang='lat' dir='ltr'>virtus</span> <span class='ocrx_word' id='word_1_40' title='bbox 832 1495 959 1556; x_wconf 77' lang='lat' dir='ltr'>adunans</span> <span class='ocrx_word' id='word_1_41' title='bbox 978 1496 1029 1554; x_wconf 91' lang='lat' dir='ltr'>bo-</span> 
     </span>
     <span class='ocr_line' id='line_1_9' title="bbox 217 1588 1028 1660; baseline 0.001 -14"><span class='ocrx_word' id='word_1_42' title='bbox 217 1588 322 1647; x_wconf 91' lang='lat' dir='ltr'>minem</span> <span class='ocrx_word' id='word_1_43' title='bbox 343 1589 482 1660; x_wconf 91' lang='lat' dir='ltr'>Numini;</span> <span class='ocrx_word' id='word_1_44' title='bbox 1011 1597 1028 1647; x_wconf 90' lang='lat'><strong><em>5</em></strong></span> 
     </span>
     <span class='ocr_line' id='line_1_10' title="bbox 140 1683 798 1765; baseline 0.005 -23"><span class='ocrx_word' id='word_1_45' title='bbox 140 1683 204 1742; x_wconf 91' lang='lat' dir='ltr'>Tibi</span> <span class='ocrx_word' id='word_1_46' title='bbox 224 1684 277 1743; x_wconf 86' lang='lat' dir='ltr'>soli</span> <span class='ocrx_word' id='word_1_47' title='bbox 297 1683 382 1762; x_wconf 87' lang='lat' dir='ltr'>digno</span> <span class='ocrx_word' id='word_1_48' title='bbox 402 1683 456 1743; x_wconf 89' lang='lat' dir='ltr'>coli</span> <span class='ocrx_word' id='word_1_49' title='bbox 476 1704 541 1742; x_wconf 90' lang='lat' dir='ltr'>cum</span> <span class='ocrx_word' id='word_1_50' title='bbox 562 1684 648 1743; x_wconf 88' lang='lat' dir='ltr'>Patre</span> <span class='ocrx_word' id='word_1_51' title='bbox 668 1685 798 1765; x_wconf 84' lang='lat' dir='ltr'>Filioque</span> 
     </span>
     <span class='ocr_line' id='line_1_11' title="bbox 139 1778 1029 1859; baseline 0.008 -23"><span class='ocrx_word' id='word_1_52' title='bbox 139 1779 225 1856; x_wconf 71' lang='lat' dir='ltr'>tugis</span> <span class='ocrx_word' id='word_1_53' title='bbox 248 1779 351 1853; x_wconf 83' lang='lat' dir='ltr'>cultus,</span> <span class='ocrx_word' id='word_1_54' title='bbox 376 1779 466 1836; x_wconf 89' lang='lat' dir='ltr'>honor</span> <span class='ocrx_word' id='word_1_55' title='bbox 485 1778 595 1837; x_wconf 91' lang='lat' dir='ltr'>multus</span> <span class='ocrx_word' id='word_1_56' title='bbox 616 1781 653 1839; x_wconf 89' lang='lat' dir='ltr'>sit</span> <span class='ocrx_word' id='word_1_57' title='bbox 677 1801 787 1857; x_wconf 88' lang='lat' dir='ltr'>semper</span> <span class='ocrx_word' id='word_1_58' title='bbox 808 1782 969 1859; x_wconf 82' lang='lat' dir='ltr'>procedenti</span> <span class='ocrx_word' id='word_1_59' title='bbox 993 1785 1029 1843; x_wconf 89' lang='lat' dir='ltr'>ab</span> 
     </span>
     <span class='ocr_line' id='line_1_12' title="bbox 218 1880 347 1951; baseline 0 -20"><span class='ocrx_word' id='word_1_60' title='bbox 218 1880 347 1951; x_wconf 91' lang='lat' dir='ltr'>utroque.</span> 
     </span>
     <span class='ocr_line' id='line_1_13' title="bbox 140 1969 794 2048; baseline 0.006 -21"><span class='ocrx_word' id='word_1_61' title='bbox 140 1969 185 2028; x_wconf 91' lang='lat' dir='ltr'>Tu</span> <span class='ocrx_word' id='word_1_62' title='bbox 204 1969 283 2029; x_wconf 88' lang='lat' dir='ltr'>mitis</span> <span class='ocrx_word' id='word_1_63' title='bbox 302 1977 331 2029; x_wconf 91' lang='lat' dir='ltr'>et</span> <span class='ocrx_word' id='word_1_64' title='bbox 350 1969 456 2044; x_wconf 88' lang='lat' dir='ltr'>hilaris,</span> <span class='ocrx_word' id='word_1_65' title='bbox 476 1969 615 2045; x_wconf 83' lang='lat' dir='ltr'>amabilis,</span> <span class='ocrx_word' id='word_1_66' title='bbox 636 1971 794 2048; x_wconf 83' lang='lat' dir='ltr'>laudabilis,</span> 
     </span>
     <span class='ocr_line' id='line_1_14' title="bbox 141 2064 772 2142; baseline 0.01 -22"><span class='ocrx_word' id='word_1_67' title='bbox 141 2064 286 2124; x_wconf 81' lang='lat' dir='ltr'>Vanitatis</span> <span class='ocrx_word' id='word_1_68' title='bbox 306 2065 465 2140; x_wconf 84' lang='lat' dir='ltr'>mundator,</span> <span class='ocrx_word' id='word_1_69' title='bbox 486 2065 633 2126; x_wconf 73' lang='lat' dir='ltr'>munditie</span> <span class='ocrx_word' id='word_1_70' title='bbox 653 2074 772 2142; x_wconf 84' lang='lat' dir='ltr'>amator,</span> 
     </span>
     <span class='ocr_line' id='line_1_15' title="bbox 141 2160 1029 2244; baseline 0.01 -29"><span class='ocrx_word' id='word_1_71' title='bbox 141 2160 210 2218; x_wconf 85' lang='lat' dir='ltr'>Vox</span> <span class='ocrx_word' id='word_1_72' title='bbox 230 2161 326 2219; x_wconf 84' lang='lat' dir='ltr'>suevis</span> <span class='ocrx_word' id='word_1_73' title='bbox 344 2160 460 2220; x_wconf 83' lang='lat' dir='ltr'>exulum</span> <span class='ocrx_word' id='word_1_74' title='bbox 482 2161 673 2236; x_wconf 77' lang='lat' dir='ltr'>moerentium,</span> <span class='ocrx_word' id='word_1_75' title='bbox 693 2163 815 2222; x_wconf 80' lang='lat' dir='ltr'>melodia</span> <span class='ocrx_word' id='word_1_76' title='bbox 833 2165 938 2224; x_wconf 89' lang='lat' dir='ltr'>civium</span> <span class='ocrx_word' id='word_1_77' title='bbox 958 2186 1029 2244; x_wconf 82' lang='lat' dir='ltr'>geu-</span> 
     </span>
     <span class='ocr_line' id='line_1_16' title="bbox 219 2255 1030 2324; baseline 0.006 -11"><span class='ocrx_word' id='word_1_78' title='bbox 219 2255 356 2324; x_wconf 86' lang='lat' dir='ltr'>dentium,</span> <span class='ocrx_word' id='word_1_79' title='bbox 994 2268 1030 2318; x_wconf 87' lang='lat'>10</span> 
     </span>
     <span class='ocr_line' id='line_1_17' title="bbox 142 2349 685 2431; baseline 0.006 -23"><span class='ocrx_word' id='word_1_80' title='bbox 142 2349 209 2408; x_wconf 87' lang='lat' dir='ltr'>Istis</span> <span class='ocrx_word' id='word_1_81' title='bbox 230 2350 353 2409; x_wconf 78' lang='lat' dir='ltr'>sobmon</span> <span class='ocrx_word' id='word_1_82' title='bbox 372 2372 407 2409; x_wconf 93' lang='lat' dir='ltr'>ne</span> <span class='ocrx_word' id='word_1_83' title='bbox 427 2353 574 2431; x_wconf 82' lang='lat' dir='ltr'>desperent</span> <span class='ocrx_word' id='word_1_84' title='bbox 593 2351 629 2410; x_wconf 88' lang='lat' dir='ltr'>dc</span> <span class='ocrx_word' id='word_1_85' title='bbox 647 2359 685 2426; x_wconf 89' lang='lat' dir='ltr'>te,</span> 
     </span>
     <span class='ocr_line' id='line_1_18' title="bbox 142 2446 699 2526; baseline 0.005 -22"><span class='ocrx_word' id='word_1_86' title='bbox 142 2446 210 2507; x_wconf 82' lang='lat' dir='ltr'>Istis</span> <span class='ocrx_word' id='word_1_87' title='bbox 226 2448 362 2525; x_wconf 83' lang='lat' dir='ltr'>juvamen</span> <span class='ocrx_word' id='word_1_88' title='bbox 382 2455 415 2507; x_wconf 89' lang='lat' dir='ltr'>ut</span> <span class='ocrx_word' id='word_1_89' title='bbox 435 2449 577 2526; x_wconf 89' lang='lat' dir='ltr'>suspirent</span> <span class='ocrx_word' id='word_1_90' title='bbox 597 2449 634 2507; x_wconf 85' lang='lat' dir='ltr'>ad</span> <span class='ocrx_word' id='word_1_91' title='bbox 653 2455 681 2507; x_wconf 90' lang='lat' dir='ltr'>te</span> <span class='ocrx_word' id='word_1_92' title='bbox 690 2471 699 2519; x_wconf 80' lang='lat'>3</span> 
     </span>
     <span class='ocr_line' id='line_1_19' title="bbox 141 2542 1030 2622; baseline 0.003 -20"><span class='ocrx_word' id='word_1_93' title='bbox 141 2542 310 2602; x_wconf 74' lang='lat' dir='ltr'>Consolator</span> <span class='ocrx_word' id='word_1_94' title='bbox 316 2542 438 2620; x_wconf 88' lang='lat' dir='ltr'>piorum,</span> <span class='ocrx_word' id='word_1_95' title='bbox 449 2544 600 2622; x_wconf 83' lang='lat' dir='ltr'>inspirator</span> <span class='ocrx_word' id='word_1_96' title='bbox 611 2545 759 2618; x_wconf 89' lang='lat' dir='ltr'>bonorum,</span> <span class='ocrx_word' id='word_1_97' title='bbox 770 2543 930 2605; x_wconf 86' lang='lat' dir='ltr'>consiliator</span> <span class='ocrx_word' id='word_1_98' title='bbox 943 2566 1030 2605; x_wconf 89' lang='lat' dir='ltr'>moes-</span> 
     </span>
     <span class='ocr_line' id='line_1_20' title="bbox 219 2644 324 2712; baseline -0.01 -15"><span class='ocrx_word' id='word_1_99' title='bbox 219 2644 324 2712; x_wconf 90' lang='lat' dir='ltr'>torum,</span> 
     </span>
     <span class='ocr_line' id='line_1_21' title="bbox 142 2732 1032 2814; baseline 0.008 -24"><span class='ocrx_word' id='word_1_100' title='bbox 142 2732 312 2793; x_wconf 85' lang='lat' dir='ltr'>Purifioetor</span> <span class='ocrx_word' id='word_1_101' title='bbox 343 2755 478 2809; x_wconf 86' lang='lat' dir='ltr'>errorum,</span> <span class='ocrx_word' id='word_1_102' title='bbox 512 2734 638 2793; x_wconf 86' lang='lat' dir='ltr'>eruditor</span> <span class='ocrx_word' id='word_1_103' title='bbox 673 2735 845 2814; x_wconf 85' lang='lat' dir='ltr'>ignotorum,</span> <span class='ocrx_word' id='word_1_104' title='bbox 877 2736 1032 2797; x_wconf 81' lang='lat' dir='ltr'>declarator</span> 
     </span>
     <span class='ocr_line' id='line_1_22' title="bbox 219 2826 425 2905; baseline 0.01 -20"><span class='ocrx_word' id='word_1_105' title='bbox 219 2826 425 2905; x_wconf 86' lang='lat' dir='ltr'>perplexorum,</span> 
     </span>
     <span class='ocr_line' id='line_1_23' title="bbox 142 2922 1030 3009; baseline 0.01 -28"><span class='ocrx_word' id='word_1_106' title='bbox 142 2922 273 2982; x_wconf 84' lang='lat' dir='ltr'>Debilem</span> <span class='ocrx_word' id='word_1_107' title='bbox 293 2924 408 3001; x_wconf 86' lang='lat' dir='ltr'>erigens,</span> <span class='ocrx_word' id='word_1_108' title='bbox 430 2925 545 2984; x_wconf 90' lang='lat' dir='ltr'>devium</span> <span class='ocrx_word' id='word_1_109' title='bbox 564 2923 706 3000; x_wconf 80' lang='lat' dir='ltr'>colligens,</span> <span class='ocrx_word' id='word_1_110' title='bbox 726 2933 863 2985; x_wconf 86' lang='lat' dir='ltr'>errantem</span> <span class='ocrx_word' id='word_1_111' title='bbox 883 2927 1030 3009; x_wconf 78' lang='lat' dir='ltr'>corrigens,</span> 
     </span>
     <span class='ocr_line' id='line_1_24' title="bbox 142 3018 1029 3099; baseline -0.002 -24"><span class='ocrx_word' id='word_1_112' title='bbox 142 3018 269 3077; x_wconf 81' lang='lat' dir='ltr'>Sustines</span> <span class='ocrx_word' id='word_1_113' title='bbox 288 3018 440 3087; x_wconf 85' lang='lat' dir='ltr'>labantem,</span> <span class='ocrx_word' id='word_1_114' title='bbox 461 3038 610 3097; x_wconf 85' lang='lat' dir='ltr'>promoves</span> <span class='ocrx_word' id='word_1_115' title='bbox 630 3026 785 3095; x_wconf 83' lang='lat' dir='ltr'>conantem,</span> <span class='ocrx_word' id='word_1_116' title='bbox 805 3022 915 3099; x_wconf 88' lang='lat' dir='ltr'>perficis</span> <span class='ocrx_word' id='word_1_117' title='bbox 934 3045 1029 3085; x_wconf 89' lang='lat' dir='ltr'>aman.</span> 
     </span>
     <span class='ocr_line' id='line_1_25' title="bbox 218 3121 291 3187; baseline 0 -13"><span class='ocrx_word' id='word_1_118' title='bbox 218 3121 291 3187; x_wconf 78' lang='lat' dir='ltr'>lem3</span> 
     </span>
     <span class='ocr_line' id='line_1_26' title="bbox 141 3208 852 3287; baseline 0.007 -21"><span class='ocrx_word' id='word_1_119' title='bbox 141 3208 302 3268; x_wconf 85' lang='lat' dir='ltr'>Perfectum</span> <span class='ocrx_word' id='word_1_120' title='bbox 322 3209 417 3269; x_wconf 87' lang='lat' dir='ltr'>educis</span> <span class='ocrx_word' id='word_1_121' title='bbox 443 3208 478 3267; x_wconf 89' lang='lat' dir='ltr'>de</span> <span class='ocrx_word' id='word_1_122' title='bbox 497 3209 561 3267; x_wconf 91' lang='lat' dir='ltr'>lacu</span> <span class='ocrx_word' id='word_1_123' title='bbox 581 3209 657 3268; x_wconf 82' lang='lat' dir='ltr'>laecis</span> <span class='ocrx_word' id='word_1_124' title='bbox 677 3218 705 3269; x_wconf 87' lang='lat' dir='ltr'>et</span> <span class='ocrx_word' id='word_1_125' title='bbox 724 3211 852 3287; x_wconf 72' lang='lat' dir='ltr'>miseria,</span> 
     </span>
    </p>
   </div>
   <div class='ocr_carea' id='block_1_4' title="bbox 186 3469 836 3534">
    <p class='ocr_par' dir='ltr' id='par_1_4' title="bbox 186 3469 836 3534">
     <span class='ocr_line' id='line_1_27' title="bbox 186 3469 836 3534; baseline 0.005 -17"><span class='ocrx_word' id='word_1_126' title='bbox 186 3469 307 3517; x_wconf 86' lang='lat' dir='ltr'>XXXll.</span> <span class='ocrx_word' id='word_1_127' title='bbox 338 3469 476 3518; x_wconf 79' lang='lat' dir='ltr'>Hildeberti</span> <span class='ocrx_word' id='word_1_128' title='bbox 486 3476 510 3518; x_wconf 82' lang='lat' dir='ltr'>et</span> <span class='ocrx_word' id='word_1_129' title='bbox 522 3471 637 3518; x_wconf 80' lang='lat' dir='ltr'>Morbodl</span> <span class='ocrx_word' id='word_1_130' title='bbox 650 3473 724 3533; x_wconf 64' lang='lat' dir='ltr'>Opp„</span> <span class='ocrx_word' id='word_1_131' title='bbox 734 3488 759 3534; x_wconf 90' lang='lat' dir='ltr'>p.</span> <span class='ocrx_word' id='word_1_132' title='bbox 772 3473 836 3521; x_wconf 79' lang='lat'>134⁰.</span> 
     </span>
    </p>
   </div>
   <div class='ocr_carea' id='block_1_5' title="bbox 0 0 1268 4016">
    <p class='ocr_par' dir='ltr' id='par_1_5' title="bbox 0 0 1268 4016">
     <span class='ocr_line' id='line_1_28' title="bbox 0 0 1268 4016; baseline 0 0"><span class='ocrx_word' id='word_1_133' title='bbox 0 0 1268 4016; x_wconf 95' lang='lat' dir='ltr'> </span> 
     </span>
    </p>
   </div>
  </div>
 </body>
</html>
