2512 4016
350 307 393 350 DE
410 300 680 350 RESURREOTIONE
699 298 827 344 DOMINI.

341 455 429 525 Quod
449 454 567 513 Samson
586 449 745 529 piaeoinuit‚

341 549 423 608 Dum
441 549 549 608 leonem
568 547 681 605 lacerat.

341 643 439 703 David
457 643 538 701 fortis
557 641 665 699 viribus

343 740 373 797 A
393 737 480 796 leonis
500 736 653 812 unguibus,

343 834 383 892 Et
402 833 439 891 ab
459 831 518 890 ursi
537 831 675 903 faucibus,

344 929 468 1006 (tregam
487 927 583 987 Patris
602 926 712 984 liberat.

346 1097 406 1167 Qui
426 1097 457 1156 in
476 1103 567 1155 morte
585 1096 680 1172 plures
700 1094 810 1164 stravit,

346 1192 474 1266 Samson,
496 1191 645 1251 Christum
664 1190 808 1269 figurarit,

347 1287 441 1364 Cujus
460 1306 537 1345 mors
557 1285 690 1346 victoria:

349 1381 467 1439 Samson
488 1381 580 1440 dietus
600 1380 649 1440 Sol
668 1401 764 1440 eorum
774 1403 783 1450 3

348 1474 480 1534 Christus
501 1475 552 1532 lux
572 1481 615 1533 est
634 1474 795 1550 electorum,

347 1571 428 1641 Quos
447 1571 571 1630 illustrat
590 1571 690 1649 gratia.

346 1757 415 1816 Jam
435 1757 469 1816 do
490 1755 579 1816 crucis
598 1776 677 1815 sacro
698 1762 776 1814 vecte

348 1853 455 1912 Botrus
474 1853 540 1912 fluit
558 1853 589 1910 in
609 1852 716 1911 dileotae

197 2158 294 2209 24-26.
326 2172 389 2206 mors
404 2157 518 2220 victoria]
551 2159 605 2208 Our
621 2157 708 2206 Lord's
723 2159 835 2218 ministry
850 2158 938 2219 during
952 2157 991 2206 his
1005 2158 1049 2205 life

154 2235 211 2282 bore
227 2240 311 2291 scanty
326 2232 398 2280 fruita
415 2233 542 2294 compared
557 2241 582 2282 to
597 2232 638 2280 the
653 2233 720 2294 large
735 2233 870 2294 incomings
888 2232 992 2294 through
1008 2232 1050 2280 the

154 2307 357 2369 after-preaohing
376 2309 404 2356 of
419 2309 458 2356 his
473 2323 544 2356 erosa.
577 2309 685 2370 Gregory
701 2309 742 2356 the
758 2309 832 2355 Great
849 2309 965 2370 (Marah,
976 2309 994 2356 1.
1010 2313 1048 2368 29,

155 2399 175 2431 c.
194 2385 250 2446 14)=
271 2384 348 2432 Pauci
368 2385 433 2432 enim
453 2387 571 2446 explebe
589 2386 725 2434 Israelitici
744 2386 798 2447 ipso
814 2386 958 2448 praedioante
975 2387 1050 2434 oredi-

155 2461 257 2509 derunt=
278 2461 398 2509 innumeri
414 2463 470 2509 vero
487 2463 596 2523 gentium
615 2462 700 2524 populi
718 2462 783 2509 viam
801 2462 857 2508 vitoe
876 2462 990 2510 moriente
1007 2463 1051 2511 illo

56 2604 58 2608 Ι
155 2540 231 2588 secuti
250 2549 313 2586 suut.
344 2539 418 2598 Quod
433 2541 494 2587 bene
509 2540 610 2587 Samson
625 2541 650 2586 in
665 2539 793 2600 semetipso
811 2537 904 2585 dudum
920 2539 1052 2599 figuraliter

155 2616 280 2677 expressit,
297 2616 340 2676 qui
354 2630 444 2677 paucos
460 2616 567 2677 quidem,
583 2615 643 2663 dum
660 2617 758 2672 viveret,
776 2616 909 2672 interemit3
931 2615 1052 2665 destructo
1073 2612 1076 2617 ’

155 2701 236 2740 autem
247 2692 346 2754 templo,
357 2691 437 2740 hostes
448 2695 595 2748 innumeros,
606 2693 662 2740 cum
672 2702 810 2752 moreretur,
820 2692 915 2741 occidit.

200 2769 237 2820 27.
263 2768 307 2814 Sol
315 2766 409 2828 eorum]
436 2767 499 2814 This
509 2768 577 2828 quite
590 2767 781 2814 unwanantabla
795 2767 933 2829 etymology
943 2766 971 2815 oi
982 2768 1051 2816 Sam-

156 2843 221 2890 son's
236 2857 307 2890 name
321 2843 364 2890 the
379 2850 436 2903 poet
451 2842 496 2890 has
512 2843 609 2890 derived
628 2843 689 2890 from
706 2843 812 2902 Jerome,
834 2843 887 2890 who
905 2844 959 2905 (De
976 2845 1051 2892 Nom.

157 2918 236 2980 Hah.)
245 2919 357 2980 explains
366 2918 481 2967 Samson:
494 2920 538 2966 Sol
543 2933 634 2978 eorum,
645 2919 684 2965 vel
694 2919 752 2965 solis
762 2918 970 2968 fortitudo-their
979 2920 1053 2980 light,

155 3010 190 3054 or,
201 2995 242 3042 the
251 2995 316 3056 light
325 2995 354 3042 of
363 2995 429 3042 them
442 2994 495 3042 that
504 3009 543 3042 are
554 2994 600 3041 his.
623 2993 694 3042 Thus
704 2995 844 3055 Augustino
854 2995 961 3056 (anm.
972 2996 1000 3042 io
1009 2997 1052 3044 Pa.

152 3071 230 3117 lxxx.
246 3070 302 3131 l⁰)r
324 3069 396 3116 Unde
413 3068 514 3117 Samson
531 3079 618 3126 noster,
634 3069 676 3128 qui
693 3069 765 3116 etiam
778 3070 946 3131 interpretatur
962 3072 1006 3120 Sol
1013 3073 1052 3132 ip-

156 3159 245 3203 sorum,
257 3159 338 3192 eorum
348 3145 440 3192 scilicet
450 3144 540 3203 quibus
553 3145 632 3201 lucet3
648 3158 697 3190 non
710 3145 828 3201 omnium,
842 3145 914 3192 sicuti
927 3155 962 3194 est
975 3148 1052 3195 oriens

157 3226 310 3286 superbonos
321 3233 344 3271 et
354 3224 439 3283 malos,
448 3222 491 3270 sed
499 3223 535 3270 sol
543 3223 701 3284 quorundam,
710 3223 745 3272 so]
753 3223 864 3283 justitia,
874 3225 977 3286 figuram
988 3227 1052 3274 enim

157 3303 262 3350 habebat
273 3301 372 3350 Christi.

202 3378 237 3426 31.
268 3377 372 3438 Botrus]
403 3377 504 3437 Among
516 3375 619 3424 theold
635 3377 775 3425 Testament
787 3385 857 3438 types
870 3377 899 3425 of
911 3377 993 3424 Christ
1005 3376 1053 3423 and

158 3453 197 3502 hio
207 3467 279 3512 mors,
291 3453 344 3501 that
353 3452 382 3500 of
395 3453 471 3502 Num.
482 3453 534 3502 xiii.
545 3453 583 3510 23,
593 3455 631 3514 24,
647 3469 694 3502 was
709 3467 763 3502 ever
773 3454 875 3502 oounted
886 3468 913 3500 aa
923 3467 983 3501 one:
997 3452 1052 3500 thus

237 3525 373 3605 [una]
937 3527 974 3585 10
