2516 4012
361 697 363 701 ,
399 637 776 711 BONAVENTURA.

441 863 734 884 -—-··-—e·

289 1045 364 1104 XX.
404 1044 462 1103 DE
488 1043 690 1104 PASSIONE
717 1045 884 1106 DOMINI.

489 1218 683 1232 ἦ-

248 1356 398 1416 UANTU
400 1357 434 1416 M
452 1357 570 1416 hamum
590 1356 691 1416 caritas
709 1355 764 1416 tibi
783 1357 972 1434 presentavit,

188 1358 248 1542 Q
267 1451 344 1511 Mori
363 1450 428 1511 erim
448 1471 500 1530 pro
518 1450 631 1510 homine
650 1457 679 1511 te
698 1451 867 1526 solicitsvit3

181 1547 237 1608 Sed
256 1551 286 1606 et
304 1548 366 1606 eset
384 1545 495 1624 placidi
513 1547 631 1606 hemum
651 1547 808 1624 occupavit,

181 1641 258 1705 Oirm
277 1641 379 1700 lucrari
398 1641 505 1701 animas
524 1647 554 1702 te
571 1663 623 1720 per
640 1642 694 1701 hoe
712 1643 888 1703 monstravit

182 1833 223 1891 Te
242 1832 358 1910 quidem
377 1831 491 1890 seuleus
509 1831 588 1890 hami
606 1851 663 1890 non
682 1832 798 1902 latebat,
927 1841 928 1844 ’
1012 1843 1029 1894 5

183 1928 240 1988 Sed
257 1927 334 1987 illius
353 1927 471 2005 punctio
489 1934 518 1987 te
537 1948 594 1987 non
613 1929 777 1997 deterrebat,

182 2023 277 2082 Immo
295 2022 372 2080 hune
391 2020 525 2098 impetere
543 2022 597 2082 tibi
616 2024 816 2100 complacebat,

184 2118 262 2188 Quia
280 2115 448 2176 desiderium
467 2136 534 2176 eseae
553 2118 722 2178 attrahebat

184 2310 262 2388 Ergo
281 2328 333 2386 pro
351 2328 397 2368 me
415 2309 525 2386 misero,
546 2331 630 2390 quem
649 2317 684 2371 tu
703 2312 835 2389 dilexisti,

145 2423 147 2429 ’
184 2403 287 2463 Mortis
306 2402 336 2462 in
354 2404 483 2464 aculeum
502 2405 590 2466 sciens
609 2407 759 2488 impegisti,
993 2417 1028 2469 10

183 2496 259 2559 Cimr
278 2504 308 2557 te
326 2498 406 2558 Patri
424 2498 569 2560 victimam
588 2510 714 2562 sanctam
734 2501 870 2571 obtulisti,

183 2596 223 2655 Et
241 2595 272 2654 in
290 2601 342 2654 tuo
361 2597 496 2676 sanguine
515 2599 659 2659 sordidum
678 2599 782 2660 lavisti.

182 2789 267 2848 Heu!
288 2808 338 2846 eur
356 2787 491 2848 beneficis
510 2786 617 2847 Christi
634 2787 772 2865 passionis

182 2885 273 2944 Penes
291 2891 320 2944 te
338 2885 507 2958 memoriter,
526 2883 621 2954 homo,
641 2903 697 2942 non
716 2885 849 2963 reponis?

182 2979 238 3040 Per
256 2982 329 3041 hane
347 2981 422 3040 enim
441 2979 519 3057 rupti
538 2985 605 3039 sunt
623 2978 716 3057 laquei
735 2981 883 3057 praedonis,
991 2995 1026 3045 15

183 3075 238 3134 Per
256 3076 329 3134 hene
350 3074 481 3135 Christus
500 3072 633 3132 maximis
651 3080 680 3133 te
699 3074 803 3136 ditavit
822 3077 910 3138 bonis.

189 3369 251 3426 XX.
266 3376 445 3424 Remmium
458 3375 530 3438 Opp„
541 3389 563 3423 r.
573 3375 595 3434 6,
605 3389 630 3437 p.
640 3375 922 3442 4243comer‚1>rompt.
932 3380 1024 3439 Deest,

163 3487 170 3501 .
182 3452 232 3507 117.

145 3468 161 3514 p
222 3530 267 3609 [r.
276 3551 301 3592 t.
311 3533 357 3612 n]
929 3535 949 3593 9
