2486 4006
223 259 288 324 300
600 281 748 328 neuram.

222 427 322 487 Novas
341 449 451 508 semper
469 429 605 490 melodias
624 452 682 492 vox
702 431 816 492 meloda
834 439 995 511 concrepat,

222 523 262 581 Et
281 523 311 580 in
327 523 455 602 jubilum
474 525 585 602 prolata
603 526 730 586 mulcent
749 547 831 587 auree
851 547 966 606 organa,
1091 534 1124 586 ⁵0

223 617 320 696 Digna
338 637 389 696 per
408 639 493 698 quem
512 628 580 680 eunt
600 621 728 694 victores,
750 621 823 701 Regi
840 623 910 682 dant
927 623 1086 699 praeconia.

223 809 305 869 Felix
324 811 390 871 coeli
410 833 475 892 qnae
495 821 661 892 praeeentem
683 814 791 893 Regem
811 812 901 872 cernit
920 813 1031 886 anima,

222 906 263 964 Et
282 905 336 965 sub
356 907 420 966 sede
440 914 549 986 spectat
568 909 626 967 ulta
646 908 722 968 orbis
742 907 820 968 volvi
840 907 1015 979 machinam,

223 1001 325 1076 Solem,
346 1001 453 1076 lunam,
473 1009 502 1062 et
521 1003 638 1081 globosa
658 1023 724 1064 cum
743 1001 866 1082 planetis
885 1002 984 1061 sidera.

222 1185 344 1260 Christe,
365 1188 462 1266 palma
480 1188 659 1263 bellatorum,
679 1189 734 1248 hoc
754 1189 784 1246 in
803 1185 992 1265 municipium
1086 1193 1124 1246 55

223 1281 359 1340 Introduc
379 1303 425 1342 me
443 1290 510 1360 post
528 1283 656 1341 solutum
676 1282 798 1342 militare
817 1281 973 1358 cingulum,

222 1375 280 1434 Fac
300 1383 456 1436 consortem
477 1377 606 1436 donativi
626 1378 775 1437 beatorum
794 1376 920 1434 civium:

221 1563 321 1622 Praebc
341 1563 413 1622 vires
431 1563 601 1624 inexhausto
620 1563 765 1624 laboranti
783 1561 890 1641 proelio,

221 1657 283 1715 Nec
303 1657 427 1736 quietem
447 1665 513 1736 post
532 1658 711 1736 procinctum
731 1659 849 1735 deneges
869 1657 996 1726 emerito,

220 1753 318 1832 Teque
337 1773 445 1813 mercar
463 1753 550 1832 potiri
569 1753 630 1812 eine
649 1753 706 1812 fine
725 1752 851 1831 praemio.
1081 1747 1120 1808 60

220 1982 302 2020 cutem
317 1975 431 2022 haberent
446 1985 470 2024 et
484 1990 532 2024 non
548 1985 669 2037 cuperent,
685 1975 804 2023 videretur
819 1973 945 2022 fastidium
962 1971 1031 2032 requi
1048 1973 1120 2020 catie-

221 2059 304 2100 tatem.
336 2051 375 2100 Nc
389 2061 469 2100 autem
483 2053 515 2100 sit
529 2053 555 2098 in
569 2051 686 2100 desiderio
700 2051 819 2108 anxietas,
830 2049 870 2096 vel
884 2049 910 2095 in
925 2048 1035 2095 satietate
1051 2047 1121 2096 fuen-

221 2125 299 2179 dium‚
310 2125 471 2176 desiderantes
483 2128 608 2184 radantur,
620 2135 644 2175 et
654 2127 735 2174 antimi
746 2125 890 2173 desiderant.

266 2201 304 2250 60.
330 2200 410 2250 There
419 2203 481 2251 liner
490 2202 519 2250 cf
529 2204 611 2250 Adam
622 2202 650 2251 of
661 2203 690 2250 St
700 2203 784 2251 Victor
798 2201 859 2248 have
871 2199 945 2247 much
954 2206 1085 2246 sweetneno
1095 2199 1120 2244 in

221 2275 297 2337 them,
313 2278 361 2325 and
371 2293 426 2340 may
438 2279 491 2339 fitly
502 2280 533 2327 be
547 2277 672 2339 appendent
685 2278 757 2334 hem
772 2276 828 2336 they
839 2275 901 2322 form
912 2284 965 2336 part
979 2272 1008 2320 of
1020 2289 1036 2320 a
1049 2289 1120 2335 poem

222 2353 299 2402 which
310 2356 330 2401 it
341 2355 390 2402 will
400 2364 442 2404 not
450 2355 511 2404 need
521 2365 546 2402 to
556 2354 649 2402 adduce
659 2364 684 2400 at
695 2353 750 2401 full.
767 2350 946 2415 (Glichroveuo,
957 2365 981 2410 p.
993 2349 1062 2410 223.)

495 2438 587 2477 carim
598 2442 647 2477 mut
658 2437 692 2476 hic
704 2437 781 2482 omnia,

496 2503 553 2550 spes,
565 2505 639 2544 metuo,
651 2510 734 2544 moeror.
747 2498 856 2548 gaudium

496 2562 539 2603 Vix
550 2563 601 2602 hora
613 2563 645 2602 rel
657 2561 742 2600 dimidia

497 2626 531 2664 Fit
542 2626 564 2664 in
576 2625 628 2664 coelo
639 2624 751 2664 silentium.

494 2711 562 2760 Quam
574 2711 625 2751 felix
636 2711 672 2750 illa
683 2711 761 2757 civitae,

496 2777 523 2815 In
534 2777 575 2824 qut
584 2776 638 2824 jugie
649 2774 766 2820 solennitas,

497 2838 525 2876 Et
536 2838 599 2886 quam
609 2837 702 2886 jucunda
714 2837 778 2883 curia,

496 2903 547 2948 Qut
558 2912 612 2940 cruc
624 2911 707 2950 pronun
721 2899 798 2939 neema!

495 2988 539 3027 Nec
549 2987 637 3035 languor
649 2986 690 3029 hic,
702 2996 741 3024 nec
753 2984 841 3026 renium.

495 3053 540 3092 Nec
550 3053 612 3097 mua,
623 3062 662 3090 nec
673 3056 737 3090 terror
749 3049 847 3094 hortium,

497 3115 536 3154 sed
545 3124 589 3152 una
600 3125 643 3153 vox
654 3113 778 3157 loetantium,

496 3179 523 3217 Et
534 3188 588 3217 auur
600 3179 660 3217 ardor
671 3175 771 3216 cordium.

496 3267 600 3306 Mirantur
612 3277 650 3306 nec
661 3267 761 3306 deficiunt

495 3332 522 3368 ln
533 3332 599 3376 illum,
612 3341 674 3378 quem
686 3329 827 3378 prospiciunt;

496 3389 602 3428 Fruuntur
613 3401 652 3428 nec
663 3389 771 3429 fastidiunt

497 3450 543 3492 Quo
554 3451 596 3487 itui
608 3451 673 3499 magis
685 3451 764 3490 eitiunt.
