2512 4016
217 297 281 361 182
542 317 668 362 uranon
685 314 783 362 vrum.

217 465 286 523 Non
304 471 401 524 tamen
420 465 472 524 hos
491 464 557 532 illis,
577 465 628 543 qui
647 484 677 522 se
695 483 822 542 posuere,
842 463 947 522 colonis
1102 467 1119 518 5

217 560 362 633 Praebuit3
390 560 500 620 externi
519 561 628 620 fructus
647 560 770 618 habuere
790 560 895 618 beatos.

219 656 338 716 Arboris
358 657 419 716 haec
439 655 562 733 species3
589 675 646 713 uno
666 654 701 712 de
720 655 818 732 stipite
838 654 936 734 surgit,

219 752 260 811 Et
278 772 347 810 mox
366 751 397 810 in
415 750 542 829 geminos
561 750 689 810 extendit
708 750 823 809 brachia
841 769 952 808 mmos:

219 847 299 908 Sicut
319 849 402 926 plena
420 867 521 927 graves
540 853 668 906 antennae
689 847 804 906 carbasa
823 846 954 919 tendunt,

219 942 276 1002 Vel
295 963 361 1002 cum
380 941 529 1018 disjunctis
544 942 617 1020 juga
636 948 714 1001 stant
734 942 772 1000 ad
791 948 884 1000 aratra
900 939 1038 1018 juvencis.
1084 947 1125 997 10

221 1037 308 1108 Quod
327 1036 395 1096 tulit
414 1035 467 1094 hoc
487 1034 588 1115 primii,
609 1043 722 1096 maturo
742 1037 847 1096 semine
866 1037 976 1114 lapsum

220 1132 358 1210 Concepit
377 1131 480 1192 tellus:
506 1152 575 1190 mox
594 1131 660 1192 hinc
680 1132 823 1208 (mirabile
843 1127 933 1204 dictu)

220 1228 315 1287 Tertia
335 1229 387 1287 lux
405 1227 510 1287 iterum
529 1227 611 1287 terris
631 1227 796 1305 superisque
815 1225 992 1286 tremendum

220 1323 372 1383 Extulerat
392 1343 514 1398 ramum,
534 1324 616 1383 viteli
636 1327 715 1403 fruge
734 1325 859 1383 beatum.

221 1419 276 1478 Sed
295 1419 340 1479 bis
360 1419 464 1478 vicenis
483 1421 613 1480 firmatus
632 1429 661 1481 et
681 1421 728 1480 ille
748 1421 847 1481 diebus
1082 1427 1123 1477 15

221 1515 320 1576 Crevit
339 1515 369 1573 in
388 1514 558 1575 immensum
567 1539 576 1587 3
603 1515 764 1594 coelumque
784 1515 928 1575 cacumine
947 1533 1060 1573 summo

221 1609 361 1690 Contigit,
381 1617 410 1670 et
429 1612 545 1671 tandem
566 1618 696 1670 sanctum
716 1619 803 1689 caput
822 1609 933 1670 abdidit
952 1610 1026 1678 alto;

223 1707 304 1766 Dum
323 1715 420 1767 tamen
439 1707 547 1787 ingenti
566 1708 691 1767 bissenos
711 1707 834 1785 pondere
853 1726 946 1766 ramos

222 1800 332 1876 Edidit,
353 1809 381 1861 et
401 1809 496 1862 toturn
517 1823 650 1882 spargens
670 1802 796 1880 porrexit
815 1801 846 1860 in
865 1801 978 1860 orbem:

222 1896 365 1956 Gentibus
385 1905 418 1956 ut
438 1899 546 1958 cunctis
566 1898 675 1956 victum
696 1896 843 1974 vitamque
862 1915 1011 1974 perennem
1079 1903 1124 1953 20

223 1991 394 2066 Praeberent,
414 2001 592 2072 mortemque
612 1990 684 2050 mori
704 1991 755 2070 qui
774 2011 856 2070 posse
875 1991 1014 2050 docerent.

224 2086 357 2166 Expletis
376 2087 462 2146 etiam
482 2108 550 2146 mox
570 2086 777 2165 quinquaginta
797 2087 906 2160 diebus,

224 2181 339 2242 Vertice
359 2181 394 2240 de
413 2201 526 2239 summo
547 2181 636 2239 divini
655 2181 775 2239 nectaris
794 2182 930 2240 haustum

225 2277 339 2336 Detulit
358 2277 389 2336 in
408 2297 501 2335 ramos
521 2275 642 2334 coelestis
662 2276 779 2355 spiritus
800 2297 892 2338 anrae:

225 2374 313 2433 Dulci
332 2393 392 2432 rore
411 2392 511 2452 graves
530 2372 685 2432 manabant
706 2373 831 2452 undique
850 2375 969 2434 frondes.
1081 2383 1122 2434 25

285 2565 359 2622 Ecce
378 2562 431 2620 sub
451 2559 560 2637 ingenti
580 2579 723 2620 ramorum
742 2562 875 2640 tegminis
894 2564 995 2622 umbri

225 2660 302 2718 Fons
321 2663 397 2718 erat:
424 2655 471 2713 hie
490 2655 570 2713 nullo
589 2675 656 2714 casu
675 2657 809 2715 turbante
829 2677 957 2717 serenum

225 2885 254 2931 ol
260 2888 366 2947 passion,
377 2887 425 2934 and
440 2886 496 2935 thus
506 2889 525 2935 it
541 2887 613 2947 again
624 2887 731 2942 became,
743 2886 790 2933 and
801 2886 826 2932 in
837 2887 877 2933 the
887 2885 984 2946 highest
994 2899 1070 2942 sense,
1081 2885 1123 2933 the

226 2969 277 3007 true
288 2971 337 3009 tree
347 2961 376 3009 os
385 2963 437 3018 life,
448 2964 549 3025 bearing
559 2963 599 3011 the
609 2963 668 3009 fruit
678 2962 756 3010 which
767 2963 788 3010 is
799 2960 886 3008 indeed
899 2971 958 3008 unto
968 2961 1059 3008 eternal
1069 2960 1121 3009 lise.

228 3037 299 3096 This,
314 3038 362 3084 and
372 3038 440 3086 other
453 3039 527 3087 forms
541 3039 568 3088 of
578 3040 619 3086 the
634 3054 700 3086 same
713 3039 809 3100 legend,
824 3038 952 3086 constitute
968 3052 1033 3085 some
1043 3037 1071 3084 of
1081 3037 1123 3084 the

227 3113 309 3162 lclrcst
318 3115 426 3174 porticus
436 3116 464 3163 ot'
472 3118 536 3164 what
545 3130 601 3175 may
611 3115 711 3163 without
720 3116 810 3163 ollbnce
820 3116 851 3162 be
861 3113 939 3162 called
949 3115 990 3162 the
1001 3113 1123 3162 Christian

177 3191 187 3197 “
227 3189 376 3251 mythology.
408 3190 458 3240 We
470 3191 521 3238 lind
535 3191 652 3239 allusions
667 3201 692 3238 to
706 3191 771 3238 them
783 3192 807 3237 in
819 3190 860 3238 the
870 3190 1034 3250 Evcnyeliam
1044 3189 1123 3236 Nico-

228 3267 298 3324 dems',
317 3265 414 3327 (Thilo,
428 3267 509 3314 Uodcc
523 3267 692 3328 Apocryphcs,
704 3281 727 3314 v.
741 3267 762 3324 1,
773 3282 796 3328 p.
809 3266 875 3325 ⁶3⁰»)
887 3265 935 3313 aud
946 3265 1064 3314 calderon
1079 3265 1125 3314 has

229 3341 337 3402 wrought
355 3341 422 3389 them
443 3357 476 3401 up
496 3343 547 3389 into
562 3350 609 3389 two
623 3341 778 3402 magnificent
797 3342 899 3402 dracmas,
920 3341 962 3389 the
980 3342 1068 3390 statua
1084 3343 1126 3390 dcl

232 3417 342 3475 Octauo,
352 3416 399 3463 and
410 3417 446 3464 El
454 3417 532 3463 Arbol
540 3417 580 3462 dcl
588 3417 663 3474 mcior
673 3417 761 3462 Frate.

274 3495 312 3557 2⁰,
327 3494 364 3543 al.
390 3494 429 3543 Cf.
446 3493 520 3542 Επεὶ.
531 3491 656 3547 xlvii.12;
674 3491 736 3538 Rev.
746 3491 807 3538 xxii
819 3493 841 3558 ²⁶.
