2516 4012
599 263 722 310 Plsuon.

376 413 453 472 Varo
472 413 517 472 die
532 414 593 492 jam
614 414 729 498 nitescat,
756 427 925 482 m*

297 560 302 571 .
375 508 468 568 Utin
487 509 590 569 nostris
608 510 745 568 elucescat

376 603 469 664 Verus
488 604 546 664 dies
565 604 716 664 mentibus.

374 748 549 810 Praecursore
567 749 693 808 nondum
712 756 789 824 nato,

376 844 512 904 Nondum
531 851 615 924 partu
635 851 764 920 reserato,

376 941 546 1002 Reserantur
564 944 694 1022 mystica.

375 1035 482 1097 Nostro
501 1039 558 1098 acle
577 1045 647 1098 tunc
666 1039 805 1114 exclusus,

376 1133 500 1194 Verioris
518 1142 560 1195 est
579 1137 707 1214 perfusus

375 1227 448 1288 Solis
466 1230 528 1290 luce
547 1229 653 1309 typica.

374 1372 459 1433 Prius
478 1375 557 1434 novit
577 1375 652 1435 diem
670 1397 778 1452 verum,

377 1467 473 1538 Quam
493 1478 652 1531 nostrorum
671 1471 708 1531 sit
727 1471 836 1530 dierum

376 1564 456 1623 Usus
475 1565 615 1627 beneficio.

376 1659 434 1718 Hic
453 1681 596 1722 renascens
614 1664 740 1723 nondum
760 1668 845 1721 natus

376 1755 512 1815 Nondum
532 1776 646 1817 nascens
665 1761 708 1817 est
727 1763 840 1816 renatus

377 1850 494 1911 Ooelesti
512 1852 655 1930 mysterio.

377 1995 482 2056 Clausa
500 1997 610 2075 pandit,
630 2004 727 2058 ventre
746 1998 875 2070 clausus;

377 2092 468 2152 Gestu
488 2094 633 2172 plaudens,
651 2096 686 2155 fit
705 2095 859 2174 applausus

377 2185 489 2246 Messiae
507 2188 672 2265 prasentia.

375 2280 495 2360 Linguae
514 2289 610 2360 gestus
629 2283 838 2361 obsequuntur;

377 2375 457 2435 Dum
476 2397 528 2455 pro
547 2376 645 2454 lingua
663 2377 703 2436 sic
721 2378 885 2457 loquuntur,

377 2472 510 2532 Serviunt
529 2471 661 2531 infantiae.

377 2619 444 2678 Tcri
463 2621 572 2678 fructus
590 2617 675 2677 matri
695 2615 807 2691 dantur,

379 2713 419 2772 Et
434 2714 496 2791 jam
515 2712 614 2772 matris
633 2716 803 2771 excusantur

378 2806 486 2867 Sterilis
505 2807 663 2885 opprobria.

378 2903 466 2962 Ortus
484 2903 558 2963 tanti
576 2902 753 2982 praecursoris

378 2998 487 3057 Multos
505 3004 599 3074 terret,
619 3000 669 3059 sed
686 2998 800 3059 terroris

379 3094 481 3154 Comes
499 3100 542 3153 est
561 3095 668 3154 latitia.
1071 3106 1109 3158 30

267 3286 304 3334 29.
335 3284 420 3348 terret]
451 3284 541 3333 Daniel
555 3285 745 3336 hacheretenet.
777 3287 839 3336 This
853 3288 875 3334 is
889 3285 973 3335 cnect'
982 3285 1023 3336 the
1037 3300 1110 3348 many

224 3360 272 3408 and
281 3360 346 3410 often
358 3361 448 3409 sericus
457 3359 580 3422 misprina
591 3359 648 3406 with
659 3360 736 3408 which
752 3361 791 3408 his
806 3361 880 3416 back,
890 3361 915 3408 in
924 3374 997 3420 many
1006 3370 1111 3422 respecta

224 3453 251 3487 sc
260 3439 375 3500 carefnlly
385 3440 433 3487 and
442 3435 639 3496 conscicntiously
649 3437 772 3497 prepared,
782 3445 821 3484 tco
829 3437 903 3485 much
911 3437 1028 3486 abounds.
