<?xml version="1.0" encoding="UTF-8"?>
<!DOCTYPE html PUBLIC "-//W3C//DTD XHTML 1.0 Transitional//EN"
    "http://www.w3.org/TR/xhtml1/DTD/xhtml1-transitional.dtd">
<html xmlns="http://www.w3.org/1999/xhtml" xml:lang="en" lang="en">
 <head>
  <title>
</title>
<meta http-equiv="Content-Type" content="text/html;charset=utf-8" />
  <meta name='ocr-system' content='tesseract 3.04.00' />
  <meta name='ocr-capabilities' content='ocr_page ocr_carea ocr_par ocr_line ocrx_word'/>
</head>
<body>
  <div class='ocr_page' id='page_1' title='image "./sacredlatinpoet05trengoog_0148.png"; bbox 0 0 2516 4012; ppageno 0'>
   <div class='ocr_carea' id='block_1_1' title="bbox 278 274 892 330">
    <p class='ocr_par' dir='ltr' id='par_1_1' title="bbox 278 274 892 330">
     <span class='ocr_line' id='line_1_1' title="bbox 278 274 892 330; baseline -0.018 -2"><span class='ocrx_word' id='word_1_1' title='bbox 278 287 321 330; x_wconf 80' lang='lat' dir='ltr'>AD</span> <span class='ocrx_word' id='word_1_2' title='bbox 339 281 504 329; x_wconf 78' lang='lat' dir='ltr'>cufflsrUM</span> <span class='ocrx_word' id='word_1_3' title='bbox 520 283 542 324; x_wconf 81' lang='lat' dir='ltr'>A</span> <span class='ocrx_word' id='word_1_4' title='bbox 559 278 663 323; x_wconf 78' lang='lat' dir='ltr'>O-RUOE</span> <span class='ocrx_word' id='word_1_5' title='bbox 682 274 892 320; x_wconf 79' lang='lat' dir='ltr'><strong>PENDENTEM.</strong></span> 
     </span>
    </p>
   </div>
   <div class='ocr_carea' id='block_1_2' title="bbox 294 427 729 1176">
    <p class='ocr_par' dir='ltr' id='par_1_2' title="bbox 294 427 726 700">
     <span class='ocr_line' id='line_1_2' title="bbox 297 427 726 510; baseline -0.026 -17"><span class='ocrx_word' id='word_1_6' title='bbox 297 435 376 493; x_wconf 89' lang='lat' dir='ltr'>Mors</span> <span class='ocrx_word' id='word_1_7' title='bbox 395 436 512 510; x_wconf 77' lang='lat' dir='ltr'>apparet</span> <span class='ocrx_word' id='word_1_8' title='bbox 532 427 562 487; x_wconf 90' lang='lat' dir='ltr'>in</span> <span class='ocrx_word' id='word_1_9' title='bbox 581 427 726 503; x_wconf 82' lang='lat' dir='ltr'>adspectu,</span> 
     </span>
     <span class='ocr_line' id='line_1_3' title="bbox 296 523 713 607; baseline -0.029 -18"><span class='ocrx_word' id='word_1_10' title='bbox 296 531 385 589; x_wconf 86' lang='lat' dir='ltr'>Totus</span> <span class='ocrx_word' id='word_1_11' title='bbox 404 526 527 607; x_wconf 88' lang='lat' dir='ltr'>pendens</span> <span class='ocrx_word' id='word_1_12' title='bbox 546 525 576 583; x_wconf 89' lang='lat' dir='ltr'>in</span> <span class='ocrx_word' id='word_1_13' title='bbox 595 523 713 592; x_wconf 82' lang='lat' dir='ltr'>defectu,</span> 
     </span>
     <span class='ocr_line' id='line_1_4' title="bbox 294 619 628 700; baseline -0.024 -17"><span class='ocrx_word' id='word_1_14' title='bbox 294 623 422 682; x_wconf 81' lang='lat' dir='ltr'>Attritus</span> <span class='ocrx_word' id='word_1_15' title='bbox 440 623 513 700; x_wconf 73' lang='lat' dir='ltr'>aegrt</span> <span class='ocrx_word' id='word_1_16' title='bbox 531 619 628 676; x_wconf 82' lang='lat' dir='ltr'>macie.</span> 
     </span>
    </p>

    <p class='ocr_par' dir='ltr' id='par_1_3' title="bbox 295 715 729 1176">
     <span class='ocr_line' id='line_1_5' title="bbox 295 715 719 791; baseline -0.021 -14"><span class='ocrx_word' id='word_1_17' title='bbox 295 719 341 778; x_wconf 77' lang='lat' dir='ltr'>sic</span> <span class='ocrx_word' id='word_1_18' title='bbox 361 719 485 791; x_wconf 84' lang='lat' dir='ltr'>affectus,</span> <span class='ocrx_word' id='word_1_19' title='bbox 505 715 544 774; x_wconf 84' lang='lat' dir='ltr'>sie</span> <span class='ocrx_word' id='word_1_20' title='bbox 564 715 719 790; x_wconf 86' lang='lat' dir='ltr'>despectus,</span> 
     </span>
     <span class='ocr_line' id='line_1_6' title="bbox 297 809 729 891; baseline -0.021 -19"><span class='ocrx_word' id='word_1_21' title='bbox 297 814 416 891; x_wconf 77' lang='lat' dir='ltr'><strong>Propter</strong></span> <span class='ocrx_word' id='word_1_22' title='bbox 435 832 480 870; x_wconf 86' lang='lat' dir='ltr'>me</span> <span class='ocrx_word' id='word_1_23' title='bbox 499 810 539 870; x_wconf 84' lang='lat' dir='ltr'>sic</span> <span class='ocrx_word' id='word_1_24' title='bbox 558 809 729 872; x_wconf 82' lang='lat' dir='ltr'>interfectus,</span> 
     </span>
     <span class='ocr_line' id='line_1_7' title="bbox 295 904 655 982; baseline -0.022 -14"><span class='ocrx_word' id='word_1_25' title='bbox 295 907 439 968; x_wconf 79' lang='lat' dir='ltr'>Peccatori</span> <span class='ocrx_word' id='word_1_26' title='bbox 459 913 519 967; x_wconf 83' lang='lat' dir='ltr'>tam</span> <span class='ocrx_word' id='word_1_27' title='bbox 539 904 655 982; x_wconf 84' lang='lat' dir='ltr'><strong>indigno</strong></span> 
     </span>
     <span class='ocr_line' id='line_1_8' title="bbox 296 999 664 1078; baseline -0.022 -14"><span class='ocrx_word' id='word_1_28' title='bbox 296 1005 371 1064; x_wconf 80' lang='lat' dir='ltr'>Cum</span> <span class='ocrx_word' id='word_1_29' title='bbox 391 1002 494 1061; x_wconf 82' lang='lat' dir='ltr'>amoris</span> <span class='ocrx_word' id='word_1_30' title='bbox 512 999 664 1078; x_wconf 84' lang='lat' dir='ltr'>intersigno</span> 
     </span>
     <span class='ocr_line' id='line_1_9' title="bbox 295 1094 601 1176; baseline -0.01 -20"><span class='ocrx_word' id='word_1_31' title='bbox 295 1099 411 1176; x_wconf 84' lang='lat' dir='ltr'>Appare</span> <span class='ocrx_word' id='word_1_32' title='bbox 431 1097 505 1155; x_wconf 71' lang='lat' dir='ltr'>clart</span> <span class='ocrx_word' id='word_1_33' title='bbox 523 1094 601 1154; x_wconf 81' lang='lat' dir='ltr'>faeie.</span> 
     </span>
    </p>
   </div>
   <div class='ocr_carea' id='block_1_3' title="bbox 294 1286 767 2228">
    <p class='ocr_par' dir='ltr' id='par_1_4' title="bbox 296 1286 622 1365">
     <span class='ocr_line' id='line_1_10' title="bbox 296 1286 622 1365; baseline -0.006 -19"><span class='ocrx_word' id='word_1_34' title='bbox 296 1289 332 1346; x_wconf 90' lang='lat' dir='ltr'>In</span> <span class='ocrx_word' id='word_1_35' title='bbox 350 1289 403 1346; x_wconf 72' lang='lat' dir='ltr'>hstc</span> <span class='ocrx_word' id='word_1_36' title='bbox 423 1286 475 1346; x_wconf 71' lang='lat' dir='ltr'>tut</span> <span class='ocrx_word' id='word_1_37' title='bbox 493 1287 622 1365; x_wconf 83' lang='lat' dir='ltr'><strong>passione</strong></span> 
     </span>
    </p>

    <p class='ocr_par' dir='ltr' id='par_1_5' title="bbox 294 1383 767 1733">
     <span class='ocr_line' id='line_1_11' title="bbox 295 1383 711 1462; baseline -0.01 -19"><span class='ocrx_word' id='word_1_38' title='bbox 295 1385 345 1443; x_wconf 90' lang='lat' dir='ltr'>Me</span> <span class='ocrx_word' id='word_1_39' title='bbox 363 1403 489 1462; x_wconf 77' lang='lat' dir='ltr'>agnosce,</span> <span class='ocrx_word' id='word_1_40' title='bbox 510 1383 612 1441; x_wconf 83' lang='lat' dir='ltr'>Pastor</span> <span class='ocrx_word' id='word_1_41' title='bbox 630 1383 711 1453; x_wconf 88' lang='lat' dir='ltr'>bone,</span> 
     </span>
     <span class='ocr_line' id='line_1_12' title="bbox 295 1478 716 1558; baseline -0.012 -18"><span class='ocrx_word' id='word_1_42' title='bbox 295 1481 386 1558; x_wconf 75' lang='lat' dir='ltr'>Cujus</span> <span class='ocrx_word' id='word_1_43' title='bbox 405 1479 513 1557; x_wconf 86' lang='lat' dir='ltr'>sumpsi</span> <span class='ocrx_word' id='word_1_44' title='bbox 531 1478 588 1536; x_wconf 90' lang='lat' dir='ltr'>mel</span> <span class='ocrx_word' id='word_1_45' title='bbox 607 1499 642 1536; x_wconf 85' lang='lat' dir='ltr'>ex</span> <span class='ocrx_word' id='word_1_46' title='bbox 662 1496 716 1550; x_wconf 86' lang='lat' dir='ltr'>ore,</span> 
     </span>
     <span class='ocr_line' id='line_1_13' title="bbox 295 1574 767 1646; baseline -0.013 -10"><span class='ocrx_word' id='word_1_47' title='bbox 295 1578 441 1636; x_wconf 83' lang='lat' dir='ltr'>Haustum</span> <span class='ocrx_word' id='word_1_48' title='bbox 460 1576 541 1635; x_wconf 82' lang='lat' dir='ltr'>lactis</span> <span class='ocrx_word' id='word_1_49' title='bbox 561 1596 626 1633; x_wconf 83' lang='lat' dir='ltr'>cum</span> <span class='ocrx_word' id='word_1_50' title='bbox 646 1574 767 1646; x_wconf 82' lang='lat' dir='ltr'>dulcore,</span> 
     </span>
     <span class='ocr_line' id='line_1_14' title="bbox 294 1671 641 1733; baseline -0.006 -1"><span class='ocrx_word' id='word_1_51' title='bbox 294 1673 358 1733; x_wconf 85' lang='lat' dir='ltr'>Prae</span> <span class='ocrx_word' id='word_1_52' title='bbox 378 1673 508 1732; x_wconf 85' lang='lat' dir='ltr'>omnibus</span> <span class='ocrx_word' id='word_1_53' title='bbox 529 1671 641 1730; x_wconf 83' lang='lat' dir='ltr'>deliciis.</span> 
     </span>
    </p>

    <p class='ocr_par' dir='ltr' id='par_1_6' title="bbox 294 1765 718 2035">
     <span class='ocr_line' id='line_1_15' title="bbox 295 1765 705 1844; baseline -0.012 -17"><span class='ocrx_word' id='word_1_54' title='bbox 295 1770 362 1827; x_wconf 88' lang='lat' dir='ltr'>Non</span> <span class='ocrx_word' id='word_1_55' title='bbox 381 1789 427 1827; x_wconf 89' lang='lat' dir='ltr'>me</span> <span class='ocrx_word' id='word_1_56' title='bbox 446 1789 524 1826; x_wconf 91' lang='lat' dir='ltr'>reum</span> <span class='ocrx_word' id='word_1_57' title='bbox 544 1765 705 1844; x_wconf 84' lang='lat' dir='ltr'>asperneris,</span> 
     </span>
     <span class='ocr_line' id='line_1_16' title="bbox 295 1859 718 1940; baseline -0.012 -18"><span class='ocrx_word' id='word_1_58' title='bbox 295 1863 356 1922; x_wconf 86' lang='lat' dir='ltr'>Nee</span> <span class='ocrx_word' id='word_1_59' title='bbox 375 1863 523 1940; x_wconf 83' lang='lat' dir='ltr'>indignum</span> <span class='ocrx_word' id='word_1_60' title='bbox 543 1859 699 1938; x_wconf 85' lang='lat' dir='ltr'>dedigneris</span> <span class='ocrx_word' id='word_1_61' title='bbox 709 1884 718 1929; x_wconf 89' lang='lat'>;</span> 
     </span>
     <span class='ocr_line' id='line_1_17' title="bbox 294 1955 649 2035; baseline -0.008 -19"><span class='ocrx_word' id='word_1_62' title='bbox 294 1959 388 2018; x_wconf 84' lang='lat' dir='ltr'>Morte</span> <span class='ocrx_word' id='word_1_63' title='bbox 407 1957 460 2016; x_wconf 85' lang='lat' dir='ltr'>tibi</span> <span class='ocrx_word' id='word_1_64' title='bbox 475 1958 536 2035; x_wconf 82' lang='lat' dir='ltr'>jam</span> <span class='ocrx_word' id='word_1_65' title='bbox 556 1955 649 2014; x_wconf 73' lang='lat' dir='ltr'>vieint</span> 
     </span>
    </p>

    <p class='ocr_par' dir='ltr' id='par_1_7' title="bbox 294 2051 692 2130">
     <span class='ocr_line' id='line_1_18' title="bbox 294 2051 692 2130; baseline -0.008 -17"><span class='ocrx_word' id='word_1_66' title='bbox 294 2054 389 2113; x_wconf 89' lang='lat' dir='ltr'>Tuum</span> <span class='ocrx_word' id='word_1_67' title='bbox 409 2061 495 2130; x_wconf 81' lang='lat' dir='ltr'>caput</span> <span class='ocrx_word' id='word_1_68' title='bbox 514 2052 560 2110; x_wconf 84' lang='lat' dir='ltr'>hic</span> <span class='ocrx_word' id='word_1_69' title='bbox 579 2051 692 2127; x_wconf 85' lang='lat' dir='ltr'>inclina,</span> 
     </span>
    </p>

    <p class='ocr_par' dir='ltr' id='par_1_8' title="bbox 295 2148 674 2228">
     <span class='ocr_line' id='line_1_19' title="bbox 295 2148 674 2228; baseline -0.005 -19"><span class='ocrx_word' id='word_1_70' title='bbox 295 2151 330 2209; x_wconf 88' lang='lat' dir='ltr'>In</span> <span class='ocrx_word' id='word_1_71' title='bbox 349 2149 419 2208; x_wconf 88' lang='lat' dir='ltr'>meis</span> <span class='ocrx_word' id='word_1_72' title='bbox 437 2169 526 2228; x_wconf 81' lang='lat' dir='ltr'>pausa</span> <span class='ocrx_word' id='word_1_73' title='bbox 544 2148 674 2207; x_wconf 79' lang='lat' dir='ltr'>brachiis.</span> 
     </span>
    </p>
   </div>
   <div class='ocr_carea' id='block_1_4' title="bbox 292 2337 715 3272">
    <p class='ocr_par' dir='ltr' id='par_1_9' title="bbox 294 2337 628 2416">
     <span class='ocr_line' id='line_1_20' title="bbox 294 2337 628 2416; baseline 0.003 -20"><span class='ocrx_word' id='word_1_74' title='bbox 294 2338 362 2396; x_wconf 85' lang='lat' dir='ltr'>Tuae</span> <span class='ocrx_word' id='word_1_75' title='bbox 382 2345 485 2397; x_wconf 83' lang='lat' dir='ltr'>sanctae</span> <span class='ocrx_word' id='word_1_76' title='bbox 504 2337 628 2416; x_wconf 81' lang='lat' dir='ltr'>passioni</span> 
     </span>
    </p>

    <p class='ocr_par' dir='ltr' id='par_1_10' title="bbox 292 2432 715 3272">
     <span class='ocr_line' id='line_1_21' title="bbox 293 2432 678 2511; baseline -0.003 -21"><span class='ocrx_word' id='word_1_77' title='bbox 293 2433 343 2490; x_wconf 92' lang='lat' dir='ltr'>Me</span> <span class='ocrx_word' id='word_1_78' title='bbox 361 2432 510 2511; x_wconf 75' lang='lat' dir='ltr'>gauderem</span> <span class='ocrx_word' id='word_1_79' title='bbox 530 2432 678 2511; x_wconf 84' lang='lat' dir='ltr'>interponi,</span> 
     </span>
     <span class='ocr_line' id='line_1_22' title="bbox 294 2526 706 2588; baseline 0.002 -3"><span class='ocrx_word' id='word_1_80' title='bbox 294 2526 330 2586; x_wconf 92' lang='lat' dir='ltr'>In</span> <span class='ocrx_word' id='word_1_81' title='bbox 349 2529 402 2586; x_wconf 74' lang='lat' dir='ltr'>hse</span> <span class='ocrx_word' id='word_1_82' title='bbox 421 2549 501 2588; x_wconf 80' lang='lat' dir='ltr'>crues</span> <span class='ocrx_word' id='word_1_83' title='bbox 520 2536 614 2588; x_wconf 84' lang='lat' dir='ltr'>tecum</span> <span class='ocrx_word' id='word_1_84' title='bbox 634 2529 706 2588; x_wconf 88' lang='lat' dir='ltr'>mori</span> 
     </span>
     <span class='ocr_line' id='line_1_23' title="bbox 293 2622 657 2698; baseline 0 -16"><span class='ocrx_word' id='word_1_85' title='bbox 293 2622 401 2682; x_wconf 87' lang='lat' dir='ltr'>Praesta</span> <span class='ocrx_word' id='word_1_86' title='bbox 420 2624 509 2682; x_wconf 79' lang='lat' dir='ltr'>erucis</span> <span class='ocrx_word' id='word_1_87' title='bbox 528 2624 657 2698; x_wconf 81' lang='lat' dir='ltr'>amatori,</span> 
     </span>
     <span class='ocr_line' id='line_1_24' title="bbox 295 2718 655 2780; baseline 0.011 -4"><span class='ocrx_word' id='word_1_88' title='bbox 295 2718 354 2776; x_wconf 84' lang='lat' dir='ltr'>Sub</span> <span class='ocrx_word' id='word_1_89' title='bbox 374 2738 455 2777; x_wconf 79' lang='lat' dir='ltr'>eruce</span> <span class='ocrx_word' id='word_1_90' title='bbox 473 2721 524 2777; x_wconf 78' lang='lat' dir='ltr'>tus</span> <span class='ocrx_word' id='word_1_91' title='bbox 543 2719 655 2780; x_wconf 84' lang='lat' dir='ltr'>moriar.</span> 
     </span>
     <span class='ocr_line' id='line_1_25' title="bbox 293 2813 659 2873; baseline 0.003 -1"><span class='ocrx_word' id='word_1_92' title='bbox 293 2813 383 2872; x_wconf 87' lang='lat' dir='ltr'>Morti</span> <span class='ocrx_word' id='word_1_93' title='bbox 402 2820 459 2872; x_wconf 88' lang='lat' dir='ltr'>tuae</span> <span class='ocrx_word' id='word_1_94' title='bbox 478 2820 538 2872; x_wconf 87' lang='lat' dir='ltr'>tam</span> <span class='ocrx_word' id='word_1_95' title='bbox 558 2834 659 2873; x_wconf 83' lang='lat' dir='ltr'>amarae</span> 
     </span>
     <span class='ocr_line' id='line_1_26' title="bbox 294 2910 659 2989; baseline 0 -21"><span class='ocrx_word' id='word_1_96' title='bbox 294 2910 397 2968; x_wconf 81' lang='lat' dir='ltr'>Grates</span> <span class='ocrx_word' id='word_1_97' title='bbox 416 2931 478 2989; x_wconf 84' lang='lat' dir='ltr'>ago,</span> <span class='ocrx_word' id='word_1_98' title='bbox 499 2911 569 2971; x_wconf 86' lang='lat' dir='ltr'>Jesu</span> <span class='ocrx_word' id='word_1_99' title='bbox 589 2931 659 2978; x_wconf 83' lang='lat' dir='ltr'>care,</span> 
     </span>
     <span class='ocr_line' id='line_1_27' title="bbox 293 3004 712 3083; baseline 0.002 -22"><span class='ocrx_word' id='word_1_100' title='bbox 293 3004 353 3073; x_wconf 77' lang='lat' dir='ltr'>Qui</span> <span class='ocrx_word' id='word_1_101' title='bbox 372 3025 402 3064; x_wconf 89' lang='lat' dir='ltr'>es</span> <span class='ocrx_word' id='word_1_102' title='bbox 421 3005 540 3064; x_wconf 84' lang='lat' dir='ltr'>clemens</span> <span class='ocrx_word' id='word_1_103' title='bbox 559 3006 605 3083; x_wconf 87' lang='lat' dir='ltr'>pie</span> <span class='ocrx_word' id='word_1_104' title='bbox 624 3005 712 3079; x_wconf 87' lang='lat' dir='ltr'>Deus,</span> 
     </span>
     <span class='ocr_line' id='line_1_28' title="bbox 292 3097 715 3178; baseline 0.009 -23"><span class='ocrx_word' id='word_1_105' title='bbox 292 3097 350 3156; x_wconf 84' lang='lat' dir='ltr'>Fac</span> <span class='ocrx_word' id='word_1_106' title='bbox 370 3098 446 3176; x_wconf 83' lang='lat' dir='ltr'><strong>quod</strong></span> <span class='ocrx_word' id='word_1_107' title='bbox 466 3100 538 3178; x_wconf 85' lang='lat' dir='ltr'>petit</span> <span class='ocrx_word' id='word_1_108' title='bbox 557 3106 624 3158; x_wconf 88' lang='lat' dir='ltr'>tuus</span> <span class='ocrx_word' id='word_1_109' title='bbox 643 3121 715 3168; x_wconf 88' lang='lat' dir='ltr'>reus,</span> 
     </span>
     <span class='ocr_line' id='line_1_29' title="bbox 292 3193 693 3272; baseline 0.005 -20"><span class='ocrx_word' id='word_1_110' title='bbox 292 3193 336 3253; x_wconf 90' lang='lat' dir='ltr'>Ut</span> <span class='ocrx_word' id='word_1_111' title='bbox 356 3194 462 3272; x_wconf 79' lang='lat' dir='ltr'>absque</span> <span class='ocrx_word' id='word_1_112' title='bbox 480 3201 509 3254; x_wconf 85' lang='lat' dir='ltr'>ts</span> <span class='ocrx_word' id='word_1_113' title='bbox 528 3215 584 3254; x_wconf 87' lang='lat' dir='ltr'>non</span> <span class='ocrx_word' id='word_1_114' title='bbox 603 3196 693 3254; x_wconf 81' lang='lat' dir='ltr'>finiar.</span> 
     </span>
    </p>
   </div>
   <div class='ocr_carea' id='block_1_5' title="bbox 293 3374 726 3549">
    <p class='ocr_par' dir='ltr' id='par_1_11' title="bbox 293 3374 726 3549">
     <span class='ocr_line' id='line_1_30' title="bbox 293 3374 726 3458; baseline 0.012 -21"><span class='ocrx_word' id='word_1_115' title='bbox 293 3374 371 3436; x_wconf 89' lang='lat' dir='ltr'>Dum</span> <span class='ocrx_word' id='word_1_116' title='bbox 392 3397 437 3437; x_wconf 86' lang='lat' dir='ltr'>me</span> <span class='ocrx_word' id='word_1_117' title='bbox 456 3380 528 3438; x_wconf 88' lang='lat' dir='ltr'>mori</span> <span class='ocrx_word' id='word_1_118' title='bbox 547 3388 589 3440; x_wconf 86' lang='lat' dir='ltr'>est</span> <span class='ocrx_word' id='word_1_119' title='bbox 608 3402 726 3458; x_wconf 86' lang='lat' dir='ltr'>necesse,</span> 
     </span>
     <span class='ocr_line' id='line_1_31' title="bbox 293 3469 668 3549; baseline 0.016 -19"><span class='ocrx_word' id='word_1_120' title='bbox 293 3469 361 3530; x_wconf 91' lang='lat' dir='ltr'>Noli</span> <span class='ocrx_word' id='word_1_121' title='bbox 380 3473 451 3532; x_wconf 88' lang='lat' dir='ltr'>mihi</span> <span class='ocrx_word' id='word_1_122' title='bbox 471 3490 540 3534; x_wconf 84' lang='lat' dir='ltr'>tunc</span> <span class='ocrx_word' id='word_1_123' title='bbox 560 3476 668 3549; x_wconf 85' lang='lat' dir='ltr'>deesse;</span> 
     </span>
    </p>
   </div>
   <div class='ocr_carea' id='block_1_6' title="bbox 962 252 1025 316">
    <p class='ocr_par' dir='ltr' id='par_1_12' title="bbox 962 252 1025 316">
     <span class='ocr_line' id='line_1_32' title="bbox 962 252 1025 316; baseline -0.016 0"><span class='ocrx_word' id='word_1_124' title='bbox 962 252 1025 316; x_wconf 80' lang='lat'>123</span> 
     </span>
    </p>
   </div>
   <div class='ocr_carea' id='block_1_7' title="bbox 0 0 1262 4012">
    <p class='ocr_par' dir='ltr' id='par_1_13' title="bbox 0 0 1262 4012">
     <span class='ocr_line' id='line_1_33' title="bbox 0 0 1262 4012; baseline 0 0"><span class='ocrx_word' id='word_1_125' title='bbox 0 0 1262 4012; x_wconf 95' lang='lat' dir='ltr'> </span> 
     </span>
    </p>
   </div>
  </div>
 </body>
</html>
