2512 4016
627 301 744 347 mul).

357 450 473 508 Amoris
492 450 575 509 arrha
594 450 679 510 Jesus
698 457 749 526 est,
940 451 1035 510 lJoh.
1047 452 1089 510 iv.

357 545 464 604 Salutis
483 563 532 602 eru
551 543 637 605 Jesus
656 553 708 620 eet,
860 553 899 611 70
938 547 1015 606 Heb.
1027 546 1092 604 xiii.

357 645 529 724 Numenque
548 645 618 705 mite
637 647 721 706 Jesus
740 653 792 722 est,
941 647 1029 707 Mate.
1042 647 1085 705 xi.

359 739 528 819 Nomenque
546 740 609 800 leue
627 740 712 801 Jesus
731 748 781 801 esu
939 743 1025 801 Cant.
1036 742 1056 798 i.

358 925 461 984 Serene
480 927 561 986 stella
580 927 664 986 Jesus
682 933 735 1000 est,
938 927 1028 986 Num.
1041 925 1125 983 xxiv.

360 1021 470 1099 Optata
489 1031 583 1082 strena
602 1022 686 1082 Jesus
706 1029 758 1096 eut,
940 1021 1009 1081 Luc.
1025 1021 1055 1079 ii.

359 1117 458 1194 Rupes
478 1124 587 1177 saerata
606 1116 691 1176 Jesus
710 1124 762 1189 eet,
863 1125 901 1182 75
941 1117 987 1176 Pe.
1002 1115 1090 1174 xviii.

358 1209 399 1270 Et
418 1213 521 1271 umbre
539 1216 620 1290 gruta
639 1211 724 1270 Jeuus
742 1219 794 1271 est.
939 1209 1015 1270 Eeei.
1028 1228 1103 1268 xxv.

359 1397 452 1457 Mutis
472 1397 584 1476 loquela
602 1397 686 1456 Jesus
706 1401 757 1471 est,
939 1395 1014 1455 Esai.
1030 1417 1127 1454 xxxv.

359 1493 456 1552 Vestis
476 1493 576 1551 decora
595 1493 679 1552 Jeeus
697 1499 750 1566 eet,
941 1493 1024 1552 Rem.
1042 1491 1107 1552 xiii.

358 1586 462 1646 Tutela
479 1594 577 1647 nostru
595 1589 680 1647 Jesus
699 1593 751 1662 eet,
941 1586 987 1644 Pe.
1000 1585 1041 1644 xl.

359 1681 399 1740 Eu
417 1701 529 1759 gemme
549 1681 648 1759 pulcra
667 1681 751 1741 Jeeue
770 1685 821 1740 est.
863 1685 902 1738 80
940 1681 1032 1756 Apoc.
1044 1680 1086 1739 iv.

359 1868 462 1929 Pastor
481 1876 618 1949 putetque
637 1869 722 1928 «Iesus
741 1874 793 1943 eet,
940 1867 1006 1926 Joh.
1022 1889 1053 1927 x.

360 1965 453 2025 Heres
472 1967 607 2045 gigueque
627 1966 712 2026 «Iesus
731 1971 784 2038 est,
939 1965 996 2024 Jer.
1013 1965 1073 2022 xiv.

360 2062 541 2142 sponsusque
560 2064 660 2142 virque
678 2063 763 2121 «Iesus
782 2065 833 2136 est,
940 2062 1012 2120 Hos.
1026 2061 1057 2119 ii.

360 2157 468 2216 Merces
487 2159 571 2216 beuta
589 2159 673 2217 Jesus
693 2163 744 2217 est.
941 2157 1015 2216 Gen.
1028 2175 1079 2214 xv.

360 2343 438 2403 Vitis
458 2344 579 2421 benigna
597 2344 681 2406 Jesus
700 2349 753 2419 est,
860 2350 895 2400 85
939 2343 1006 2403 Joh.
1018 2363 1070 2402 xv.
1147 2361 1150 2366 ·

361 2437 482 2498 Flumen
502 2438 613 2499 salubre
632 2439 717 2500 Jesue
736 2444 787 2512 est,
939 2439 1005 2498 Joh.
1020 2437 1061 2495 iv.

361 2533 487 2593 Censura
503 2534 583 2610 justu
602 2535 686 2594 Jesus
706 2540 758 2608 est,
939 2535 1006 2592 Aet.
1021 2533 1094 2592 xvii.

303 2656 306 2662 ·
360 2631 463 2709 Ingens
482 2631 622 2708 propheta
642 2632 726 2690 Jesus
745 2637 795 2691 est.
942 2630 1011 2687 Luc.
1024 2630 1077 2688 vii.

229 2828 232 2832 ’
359 2818 448 2878 Abrae
467 2839 594 2898 propago
614 2819 698 2877 Jesus
718 2824 821 2892 est„
938 2819 1010 2878 Gen.
1026 2817 1078 2875 xii.

359 2914 467 2974 Jeesaea
485 2915 566 2992 virga
584 2913 669 2972 «Iesus
689 2919 740 2986 est,
862 2920 902 2980 90
940 2911 1018 2972 Esai.
1034 2913 1075 2970 xi.

360 3008 492 3087 Coelique
511 3008 586 3067 scala
605 3007 689 3066 Jesus
710 3013 761 3081 est,
896 3035 909 3072 0
941 3005 1009 3065 Joh.
1023 3007 1042 3064 i.

359 3100 494 3180 Vitaeque
513 3110 596 3181 porta
615 3103 699 3163 Jesus
718 3109 769 3163 est.
941 3104 1008 3162 Joh.
1023 3125 1051 3163 x.

360 3291 483 3369 Magnus
503 3293 615 3352 Jehovu
633 3294 717 3352 Jeeus
736 3300 788 3367 est,
941 3293 999 3352 Jer.
1014 3293 1096 3352 xxiii.

359 3384 510 3463 Patrisque
528 3385 623 3461 imago
642 3386 727 3446 Jesus
746 3395 799 3462 eet,
942 3385 1018 3446 Heb.
1034 3387 1053 3446 i.

1227 2939 1230 3110 Ι
