2512 4016
363 283 407 327 nn
426 275 698 326 nnsonauonronn
716 273 845 318 nonina
987 250 1048 312 151

353 431 390 490 In
410 449 558 490 cavernam
576 426 667 505 reguli

354 528 475 587 Manum
494 525 586 586 mittit
605 523 774 594 ablactatus,

352 625 392 684 Et
412 624 452 683 sic
470 622 545 702 fugit
564 620 734 680 exturbatus

356 718 449 778 Vetus
468 719 570 796 hospes
589 714 693 776 saeculi.

352 905 482 964 Irrisores
502 902 629 976 Helisaei,

352 1003 434 1062 Dum
456 999 617 1059 conscendit
637 998 754 1057 domum
774 992 840 1071 Dei,

352 1097 455 1156 Zelum
475 1094 548 1154 calvi
569 1093 703 1154 sentiunt.

352 1190 450 1250 David
470 1189 644 1268 arreptitius,
1013 1191 1049 1242 45

155 1395 228 1442 tionis
244 1403 328 1456 captus
343 1404 387 1455 est,
398 1398 457 1456 qnia
471 1397 531 1446 dum
546 1397 571 1444 in
587 1395 630 1442 illo
646 1394 738 1457 appetit
752 1405 832 1440 escam
847 1389 960 1452 corporis,
975 1397 1052 1436 trans-

155 1470 220 1519 fixus
235 1479 271 1519 est
285 1472 369 1519 aculeo
384 1471 528 1520 divinitatis.
560 1471 601 1519 Ibi
612 1471 702 1532 quippe
712 1469 788 1516 inerat
799 1467 945 1523 humanitas,
957 1480 1011 1526 quae
1021 1465 1052 1512 ad

155 1563 181 1595 se
196 1548 360 1597 devoratorem
375 1549 487 1598 duceret:
505 1551 541 1597 ibi
557 1549 671 1596 divinitas
688 1562 742 1608 quae
757 1545 902 1608 perforaret:
919 1544 954 1590 ibi
969 1551 1051 1604 aperta

155 1623 282 1672 infirmitas
293 1640 347 1686 quae
355 1634 494 1687 provocaret
505 1644 512 1674 c
525 1625 562 1673 ibi
572 1623 667 1672 occulta
677 1624 761 1683 virtus,
777 1637 832 1682 quas
843 1621 943 1682 raptoris
956 1618 1050 1666 faucem

155 1699 312 1760 transfigeret.
343 1699 375 1746 In
390 1700 462 1747 hamo
477 1701 552 1762 igitur
567 1708 652 1760 captus
668 1707 719 1746 est:
740 1699 798 1759 quia
812 1696 868 1743 inde
883 1695 973 1742 interiit
988 1693 1051 1741 unde

155 1774 285 1823 devoravit

198 1851 236 1900 38.
266 1851 359 1912 repuli]
387 1852 550 1912 Repetiniana
566 1849 606 1898 the
621 1850 766 1898 diminutive
780 1849 808 1897 of
820 1863 874 1905 res,
890 1846 942 1894 will
956 1845 1051 1906 exaetly

154 1941 246 1976 anawer
261 1935 286 1976 to
303 1929 462 1988 βασιλίσκος,
477 1928 556 1976 which
573 1928 636 1976 word
649 1942 683 1976 we
693 1941 785 1989 possess
800 1927 826 1974 in
837 1924 952 1986 English,
963 1923 1049 1986 apply-

154 2004 198 2065 ing
218 2005 258 2053 the
275 2018 347 2052 name
364 2005 463 2052 caolet
481 2013 507 2052 to
523 2020 537 2052 a
557 2014 652 2066 serpent
670 2003 748 2052 which
768 2003 812 2051 has
830 2016 896 2050 some
911 1999 1048 2058 crownlike,

153 2078 202 2126 and
218 2093 244 2128 so
259 2077 354 2140 kingly‚
370 2079 452 2129 marks
467 2094 532 2140 upon
547 2079 579 2132 its
593 2078 670 2136 hcada
686 2078 760 2138 Pliny
771 2077 821 2140 (H.
832 2079 879 2136 N,
890 2076 909 2124 1.
921 2079 944 2136 8,
960 2091 980 2124 c.
991 2075 1050 2136 33)=

155 2153 266 2204 Gmdids
286 2155 312 2200 in
333 2155 412 2215 capite
426 2155 531 2210 mrculd,
552 2164 579 2202 ut
595 2153 700 2214 quodam
715 2153 851 2200 diademate
865 2151 976 2212 insignis.
1008 2148 1049 2198 Cf.

154 2231 262 2292 Gregory
279 2231 320 2280 the
337 2231 412 2278 Great
430 2231 549 2293 (Moral,
564 2231 583 2279 l.
596 2231 631 2289 li,
647 2246 667 2278 e.
680 2229 735 2290 lt)=
753 2227 864 2288 Regulus
881 2240 986 2286 namque
1001 2240 1049 2274 ser-

153 2316 255 2367 pentum
269 2321 312 2356 rex
326 2307 423 2356 dicitur.
455 2307 536 2356 These
550 2307 613 2354 lines
628 2313 694 2354 must
708 2307 739 2352 be
753 2303 882 2365 explained
895 2303 928 2362 by
945 2303 1003 2350 lsai.
1014 2302 1049 2350 xi.

153 2383 167 2430 n
178 2381 295 2444 (vunan
314 2383 346 2430 llt
356 2383 382 2428 in
392 2397 519 2430 cavernam
530 2383 609 2442 reguli
619 2383 662 2443 qui
673 2381 807 2429 ablactatus
817 2388 860 2438 est,
869 2393 969 2426 manum
979 2393 1048 2427 suam

153 2459 242 2508 mittet.
267 2457 357 2518 Christ,
372 2458 500 2519 according
510 2467 535 2506 to
545 2457 586 2506 the
596 2457 713 2505 favourite
723 2456 901 2518 interpretation
911 2456 940 2503 of
950 2455 991 2504 the
1002 2455 1049 2504 sa-

153 2533 225 2592 thers,
233 2547 282 2581 was
293 2533 358 2580 “the
369 2534 466 2582 weaned
475 2533 541 2582 child
549 2535 576 2591 ;”
587 2533 636 2581 this
644 2532 692 2580 evil
700 2532 773 2580 world
783 2533 824 2580 the
831 2531 984 2580 cockstrice’s
994 2531 1049 2580 hole

152 2610 204 2657 into
214 2607 293 2656 which
303 2608 334 2656 he
342 2607 420 2658 thrust
427 2610 453 2656 in
460 2608 500 2657 his
510 2609 584 2668 hand,
595 2608 765 2670 drsggingout
776 2609 850 2656 Satan
860 2608 921 2656 from
931 2607 970 2655 his
980 2607 1047 2656 lurlr-

152 2685 277 2746 ing·place
288 2683 336 2732 and
350 2683 406 2732 den.
438 2685 508 2734 Thus
519 2685 536 2732 J
539 2700 627 2746 erome,
636 2687 665 2732 a'n
675 2686 727 2746 loo,
738 2686 787 2734 and
797 2685 905 2746 Gregory
915 2683 956 2731 the
968 2684 1049 2741 (ineat,

154 2761 257 2819 Moral,
267 2760 284 2806 L
297 2759 335 2815 26,
348 2775 369 2808 c.
380 2761 417 2807 32.
1089 2792 1091 2798 ,

197 2837 293 2884 att-At
324 2835 438 2896 Helisaci]
470 2836 549 2898 Hugh
565 2836 594 2884 of
608 2836 636 2885 St
646 2836 746 2884 Victor:
768 2837 866 2884 Eliseus
882 2837 1049 2899 interpretetur

152 2913 219 2962 salus
235 2913 290 2961 Dei.
326 2913 401 2974 Huic,
419 2913 446 2959 id
464 2923 509 2973 est,
524 2912 630 2966 Christo,
650 2911 779 2960 illuserunt
798 2913 882 2961 Judaei
897 2914 1004 2964 exaltato
1023 2915 1049 2962 in

152 2990 310 3040 cruce....Sed
331 2999 460 3052 postquam
482 2989 591 3038 Christus
611 2989 720 3038 ascendit
738 2991 764 3036 in
784 2989 882 3052 Bethel,
907 2991 933 3038 id
958 2999 1003 3050 est,
1023 2993 1048 3039 in

152 3065 254 3116 domum
270 3065 327 3127 Dei,
343 3067 368 3114 in
383 3065 569 3129 quadragesimo
584 3079 647 3112 anno
663 3065 766 3115 immisit
783 3065 843 3114 duos
858 3081 926 3114 ursos
943 3067 974 3115 do
991 3068 1049 3118 liliis

152 3143 272 3202 gentium,
283 3142 463 3205 Vespasianum
471 3151 495 3190 et
504 3141 598 3198 Titum,
610 3140 654 3201 qni
663 3139 757 3188 crudeli
765 3149 843 3202 strage
853 3155 893 3190 eos
903 3141 1047 3202 dejecerunt.

153 3218 193 3267 Gt.
204 3220 352 3281 Angustiae,
363 3221 459 3268 Errare.
468 3220 497 3266 in
507 3221 552 3266 Pe.
564 3217 625 3264 xliv.
636 3217 662 3263 in
671 3217 724 3263 init

197 3297 234 3344 dh.
271 3296 425 3358 arrcptiticts]
468 3294 558 3344 Daniel
581 3293 650 3342 reads
673 3296 861 3357 coaptione-a,
884 3297 1049 3344 non-existent

154 3371 232 3429 word;
242 3373 287 3419 but
294 3371 432 3420 afterwards
439 3379 559 3433 suggests,
568 3372 593 3417 in
604 3386 618 3418 a
628 3371 781 3434 supplement
789 3383 813 3420 to
824 3373 862 3421 his
872 3374 935 3421 third
944 3373 1047 3431 volume,

153 3463 178 3509 p.
189 3449 243 3508 271,
261 3447 314 3498 that
329 3449 473 3512 arreptitius
489 3448 511 3498 is
528 3447 647 3510 probably
662 3449 704 3497 the
719 3448 785 3510 right
801 3448 909 3512 reading.
947 3449 1009 3498 This
1028 3449 1049 3496 is
