2486 4006
238 258 302 322 288
493 275 649 320 snansnn
666 275 707 320 or
725 273 866 319 cnucur.

294 426 321 486 Ο
341 425 416 484 bona
435 424 537 503 patria,
556 425 666 484 lumina
684 423 778 484 sobria
797 430 826 482 te
845 421 1042 500 speculantur,

236 521 286 580 Ad
305 527 357 580 tua
374 519 490 580 nomina
509 520 619 580 lumina
637 519 730 579 sobria
750 518 1005 596 collacrymatur:

234 619 289 678 Est
308 625 361 676 tua
378 616 485 676 mentio
504 615 625 694 pectoris
644 614 750 683 unctio,
771 633 839 672 curs
859 611 971 678 doloris,

234 710 465 789 concipientibus
485 711 590 769 {ethera
608 709 751 769 mentibus
769 708 844 787 ignis
863 707 976 768 amoris.
1094 715 1128 764 30

233 807 279 866 Tu
298 807 376 866 locus
395 805 503 881 unicus,
523 805 627 883 illeque
647 804 762 864 coelicus
781 824 810 864 ss
829 803 986 882 paradisus,

232 901 301 961 Non
321 901 362 961 ibi
381 901 516 978 lacryma,
536 901 585 960 sed
604 900 795 978 placidissima
812 900 927 978 gaudia,
945 899 1031 960 risus.

232 997 286 1056 Est
305 997 346 1056 ibi
365 996 474 1056 consita
491 995 597 1064 laurus,
617 1000 647 1054 et
665 995 752 1056 insita
771 996 871 1056 cedrus
890 997 999 1074 hysopo
1009 1019 1019 1066 ;

232 1095 306 1154 Sunt
326 1094 465 1155 radiantia
481 1093 593 1173 jaspide
611 1094 727 1162 muenia,
747 1095 822 1153 clara
841 1112 965 1172 pyropo:

231 1187 310 1248 Hine
329 1188 383 1248 tibi
402 1187 521 1263 sardius,
541 1187 607 1247 inde
625 1186 765 1265 topazius,
784 1186 850 1245 hinc
870 1186 1070 1263 amethystus3
1091 1195 1126 1246 35
1221 1247 1222 1250 ,

231 1286 285 1344 Est
304 1291 356 1345 tua
375 1286 481 1345 fabrica
500 1285 596 1345 concio
616 1285 723 1359 coelica‚
743 1304 910 1364 gemmaque
931 1284 1075 1344 Christus.

230 1382 275 1440 Tu
295 1380 355 1442 sine
373 1381 477 1450 littore,
498 1388 532 1441 tu
551 1383 611 1441 sine
630 1387 766 1460 tempore,
786 1381 858 1448 fons,
879 1378 962 1440 modb
983 1381 1075 1454 rivus,

231 1476 324 1536 Dulce
343 1475 423 1536 bonis
443 1475 528 1555 sapis,
548 1483 647 1554 estque
665 1475 721 1536 tibi
740 1475 814 1554 lapis
834 1475 958 1554 undique
978 1475 1074 1534 vivus.

229 1573 283 1632 Est
301 1572 357 1631 tibi
376 1573 480 1646 laurea,
500 1572 552 1632 dos
571 1571 657 1632 datur
676 1591 769 1646 aurea,
790 1571 900 1650 Sponsa
919 1572 1029 1645 decora,

229 1669 382 1748 Primaque
402 1667 542 1747 Principis
562 1668 658 1727 oscula
677 1667 805 1746 suscipis,
825 1667 940 1746 inspicis
960 1688 1030 1728 ora:
1090 1677 1128 1728 40

230 1763 361 1825 Candida
380 1761 449 1838 lilio,
469 1763 537 1822 viva
555 1760 672 1821 monilia
692 1769 759 1822 sunt
778 1762 841 1837 tibi,
862 1763 982 1841 Sponsa,

228 1860 332 1938 Agnus
351 1860 432 1919 adest
448 1858 512 1927 tibi,
533 1857 660 1934 Sponsus
679 1859 759 1918 adest
778 1858 841 1934 tibi,
861 1859 914 1919 lux
933 1859 1080 1937 speciosa:

228 1955 302 2014 Tota
321 1954 446 2034 negocio,
467 1952 576 2012 cantica
595 1952 690 2012 dulcia
709 1953 791 2012 dulce
808 1959 917 2028 tonare,

228 2050 301 2108 Tam
320 2049 396 2110 mala
415 2048 519 2125 debita,
540 2052 627 2129 quim
645 2049 721 2108 bons
739 2048 860 2126 praebita
879 2049 1063 2126 conjubilare.
1218 2066 1222 2118 l

286 2240 365 2299 Urbs
385 2240 465 2317 Syon
483 2260 577 2314 aurea,
594 2239 688 2319 patria
707 2240 806 2316 lactea,
827 2241 888 2301 cive
909 2240 1018 2314 decora,
1088 2253 1126 2304 45

227 2337 319 2398 Omne
339 2357 386 2396 cor
405 2335 509 2406 obruis,
530 2337 661 2396 omnibus
684 2337 806 2397 obstruis
825 2342 854 2395 et
874 2356 921 2395 cor
940 2344 968 2396 et
988 2357 1047 2396 ora.

226 2433 339 2502 Nescio,
359 2433 462 2508 nescio,
482 2453 546 2512 quse
562 2432 706 2509 jubilatio,
726 2432 778 2490 lux
797 2431 851 2490 tibi
871 2431 972 2509 qualis,

226 2527 323 2597 Quam
343 2528 456 2588 socialia
474 2528 589 2607 gaudia,
609 2526 699 2606 gloria
719 2529 805 2606 quim
825 2526 968 2604 specialis:

225 2621 324 2681 Laudo
343 2623 459 2682 studens
478 2641 511 2680 ea
530 2621 636 2696 tollere,
656 2641 735 2680 mens
755 2641 818 2680 mea
837 2620 914 2680 victa
932 2621 1057 2683 fatiscit:

223 2715 345 2776 Obona
363 2716 461 2796 gloria,
482 2716 598 2788 vincor3
630 2717 662 2775 iu
681 2716 776 2776 omnia
795 2717 858 2776 laus
876 2723 928 2776 tue
947 2717 1025 2777 vicit.
1085 2731 1126 2782 50

224 2813 297 2872 Sunt
317 2813 396 2890 Syon
416 2814 488 2873 atria
507 2812 720 2891 conjubilantia,
739 2819 864 2890 martyre
883 2813 975 2892 plena,

224 2907 295 2966 Cive
314 2908 456 2982 micantia,
477 2907 609 2986 Principe
628 2908 743 2983 stantis,
763 2908 826 2968 luce
845 2929 955 2968 serens:

222 3001 276 3059 Est
295 3001 336 3060 ibi
355 3022 470 3080 pascua,
489 3003 608 3063 mitibus
628 3003 722 3070 affiua,
742 3003 871 3081 praestits
890 3006 1003 3080 sanctis,

222 3095 309 3175 Regis
327 3095 369 3156 ibi
387 3097 516 3172 thronus,
537 3097 658 3176 agminis
677 3103 705 3156 et
725 3117 811 3157 sonus
830 3106 873 3159 est
892 3100 1045 3177 epulantis.

221 3193 299 3252 Gens
320 3192 391 3250 duce
410 3192 565 3270 splendida,
585 3192 682 3252 concio
701 3193 822 3252 candida
841 3194 968 3253 vestibus
988 3196 1063 3257 albis
1083 3208 1124 3261 55
1221 3219 1222 3226 ¹

221 3289 295 3348 Sunt
314 3288 373 3348 sine
391 3285 505 3347 fletibus
524 3287 554 3346 in
574 3288 652 3364 Syon
672 3288 790 3363 aedibus,
811 3289 918 3348 sedibus
938 3291 1021 3352 almis
1031 3316 1041 3363 ;

221 3383 294 3441 Sunt
314 3381 373 3441 sine
393 3381 517 3453 crimine,
539 3387 606 3440 sunt
625 3383 685 3441 sino
704 3385 826 3454 turbine,
846 3392 916 3446 sunt
935 3389 994 3448 sins
1013 3390 1065 3450 lite

220 3475 256 3532 In
276 3475 355 3550 Syon
374 3471 482 3530 aedibus
501 3472 667 3535 editioribus
686 3477 833 3538 Israb'litae.
