2516 4012
238 289 301 354 116
503 311 545 356 nn
563 310 713 356 esss1onu
731 308 858 354 nouuu.

235 458 321 517 Nunc
341 479 395 533 me,
414 480 488 518 nunc
508 457 573 520 verd
593 461 741 526 desertum,
762 465 888 519 extrema
907 462 1035 517 secutum
1060 443 1061 450 ἵ

235 553 388 631 Supplicia,
408 562 436 614 et
456 555 532 614 dulci
551 555 648 632 procul
667 553 684 612 is
704 554 840 632 genetrice
858 554 994 627 levatum,
1085 558 1120 610 15
1220 595 1222 601 ·

234 648 348 708 Vertice
366 650 403 708 ad
423 670 512 728 nsque
531 651 615 728 pedes
634 670 679 708 me
699 650 788 708 lustra
798 670 807 719 3
834 668 869 707 en
888 648 980 726 aspice
999 645 1089 706 crines

234 742 375 822 Sanguine
395 753 544 818 concretos,
565 751 593 803 et
613 743 825 823 sauguinolenta
843 744 896 802 sub
915 742 984 821 ipsis

234 837 315 898 Oolln
335 839 431 911 comis,
451 839 594 918 spinisque
613 845 699 916 caput
719 839 877 898 crudelibus
897 839 1041 910 haustum,

233 932 369 1010 Undique
389 933 456 993 diva
474 934 574 1011 pluens
593 933 694 992 vivum
713 953 798 1010 super
816 953 865 992 cra
883 951 1023 999 cruorem3

234 1028 415 1106 Compressos
434 1029 576 1106 speculare
596 1027 690 1087 oculos
709 1034 737 1087 et
756 1028 819 1087 lnce
838 1036 970 1099 carentes,
1081 1032 1121 1083 20

232 1121 420 1203 Afflictasqne
438 1144 531 1202 genas,
552 1129 675 1182 arentem
694 1123 804 1202 suspice
823 1123 949 1202 linguam

233 1216 309 1276 Felle
328 1226 504 1287 venenatam,
525 1225 553 1277 el
572 1217 708 1295 pallentes
727 1219 824 1278 funere
843 1218 948 1277 vultus.

233 1311 322 1371 Cerne
341 1333 442 1374 manus
461 1312 548 1372 clavis
566 1313 649 1381 fixas,
669 1319 829 1392 tractosque
847 1313 973 1387 lacertus,

231 1407 332 1485 Atque
351 1408 448 1487 ingens
467 1407 561 1466 lateris
581 1409 702 1481 vulnns3
730 1429 809 1468 cerne
827 1408 892 1467 inde
911 1408 1028 1467 fluorem

231 1501 430 1581 Sanguineum,
451 1503 594 1582 fossosque
612 1503 705 1582 pedes,
726 1510 860 1582 artusque
879 1509 1015 1562 eruentus.
1081 1508 1118 1561 25

233 1597 327 1656 Flecte
346 1617 429 1675 genu,
449 1596 569 1656 innocuo
588 1604 747 1676 terramque
767 1618 862 1657 cruore
882 1599 1043 1658 madentem
1072 1629 1078 1638 ·

235 1692 292 1752 Ore
311 1698 408 1769 petens
428 1687 538 1766 humili,
558 1692 690 1770 lacrymis
709 1694 843 1772 perfunde
863 1693 995 1767 subortis,

232 1787 273 1846 Ec
292 1808 337 1846 me
356 1807 559 1865 nunnunquam
579 1788 681 1847 devoto
699 1787 730 1847 in
749 1789 839 1862 corde,
859 1809 991 1868 meosque

233 1882 288 1941 Fer
305 1881 439 1950 monitus,
460 1889 564 1942 sectare
583 1903 651 1944 meae
670 1883 791 1961 vestigia
810 1882 886 1957 vite,

233 1977 357 2055 Ipsaque
376 1975 514 2054 supplicia
533 1977 690 2054 inspiciens,
710 1984 886 2057 mortemque
905 1997 1039 2054 severam,
1081 1986 1119 2038 30

233 2071 366 2150 Corporis
384 2071 544 2131 innumeros
563 2092 719 2131 memorans
739 2071 880 2151 animique
899 2073 1015 2146 dolores,

233 2166 319 2226 Disce
337 2165 454 2224 adversa
472 2166 542 2243 pati,
563 2172 591 2225 et
611 2166 730 2244 proprius
750 2166 895 2246 invigilare
915 2167 1009 2227 saluti.

234 2261 306 2320 Haec
325 2266 507 2318 monumenta
525 2259 579 2318 tibi
598 2260 623 2318 si
642 2261 755 2339 quando
774 2261 804 2318 in
824 2269 917 2321 mente
932 2262 1047 2340 juvabit

235 2357 366 2425 Volvere,
387 2356 410 2416 si
431 2377 488 2434 qua
506 2355 576 2415 fides
595 2356 689 2415 animo
708 2356 761 2415 tibi
781 2357 859 2431 ferre,
879 2377 1005 2418 meorum

236 2451 342 2511 Debita
361 2451 385 2510 si
404 2450 494 2530 pietas
513 2458 542 2510 et
561 2450 652 2529 gralia
672 2450 758 2530 digna
776 2452 904 2511 laborum
1080 2463 1118 2514 35

236 2547 347 2626 Surget,
367 2553 448 2606 erunt
469 2566 540 2606 verae
559 2546 667 2605 stimuli
687 2546 811 2622 virtutis,
828 2556 965 2627 eruntque

238 2640 339 2701 Hostis
357 2641 387 2700 in
406 2641 521 2701 insidias
540 2640 641 2720 clypei,
661 2640 765 2720 quibus
784 2662 846 2701 acer
864 2643 893 2702 in
913 2645 990 2704 omni

238 2738 331 2797 Tutus
350 2738 403 2798 eris
422 2736 566 2817 victorque
583 2739 653 2798 feres
671 2738 820 2798 certamine
839 2740 970 2818 palmam.
